<?xml version="1.0" encoding="UTF-8"?>
<!DOCTYPE html PUBLIC "-//W3C//DTD XHTML 1.0 Transitional//EN"
    "http://www.w3.org/TR/xhtml1/DTD/xhtml1-transitional.dtd">
<html xmlns="http://www.w3.org/1999/xhtml" xml:lang="en" lang="en">
 <head>
  <title>
</title>
<meta http-equiv="Content-Type" content="text/html;charset=utf-8" />
  <meta name='ocr-system' content='tesseract 3.04.00' />
  <meta name='ocr-capabilities' content='ocr_page ocr_carea ocr_par ocr_line ocrx_word'/>
</head>
<body>
  <div class='ocr_page' id='page_1' title='image "./euripidesderebu00zambgoog_0053.png"; bbox 0 0 3986 6172; ppageno 0'>
   <div class='ocr_carea' id='block_1_1' title="bbox 1057 312 1257 386">
    <p class='ocr_par' dir='ltr' id='par_1_1' title="bbox 1057 312 1257 386">
     <span class='ocr_line' id='line_1_1' title="bbox 1057 312 1257 386; baseline -0.01 -18"><span class='ocrx_word' id='word_1_1' title='bbox 1057 312 1257 386; x_wconf 71' lang='lat' dir='ltr'>..gg-</span> 
     </span>
    </p>
   </div>
   <div class='ocr_carea' id='block_1_2' title="bbox 312 467 1917 4652">
    <p class='ocr_par' dir='ltr' id='par_1_2' title="bbox 381 467 1908 1404">
     <span class='ocr_line' id='line_1_2' title="bbox 387 467 1907 561; baseline -0.005 -17"><span class='ocrx_word' id='word_1_2' title='bbox 387 477 491 544; x_wconf 91' lang='lat' dir='ltr'>minus</span> <span class='ocrx_word' id='word_1_3' title='bbox 519 473 664 556; x_wconf 87' lang='lat' dir='ltr'>validam,</span> <span class='ocrx_word' id='word_1_4' title='bbox 692 472 732 541; x_wconf 94' lang='lat' dir='ltr'>ad</span> <span class='ocrx_word' id='word_1_5' title='bbox 761 473 836 540; x_wconf 84' lang='lat' dir='ltr'>vitia</span> <span class='ocrx_word' id='word_1_6' title='bbox 864 471 1046 561; x_wconf 89' lang='lat' dir='ltr'>proniorem</span> <span class='ocrx_word' id='word_1_7' title='bbox 1072 468 1211 559; x_wconf 86' lang='lat' dir='ltr'>appellat</span> <span class='ocrx_word' id='word_1_8' title='bbox 1238 489 1309 539; x_wconf 92' lang='lat' dir='ltr'>cum</span> <span class='ocrx_word' id='word_1_9' title='bbox 1340 468 1516 546; x_wconf 73' lang='lat' dir='ltr'>Democrito</span> <span class='ocrx_word' id='word_1_10' title='bbox 1542 476 1573 536; x_wconf 91' lang='lat' dir='ltr'>et</span> <span class='ocrx_word' id='word_1_11' title='bbox 1590 467 1720 536; x_wconf 83' lang='lat' dir='ltr'>Platone</span> <span class='ocrx_word' id='word_1_12' title='bbox 1739 469 1907 549; x_wconf 72' lang='lat' dir='ltr'>consentit,</span> 
     </span>
     <span class='ocr_line' id='line_1_3' title="bbox 386 587 1908 686; baseline -0.005 -22"><span class='ocrx_word' id='word_1_13' title='bbox 386 595 439 686; x_wconf 86' lang='lat' dir='ltr'>qui</span> <span class='ocrx_word' id='word_1_14' title='bbox 467 596 496 664; x_wconf 92' lang='lat' dir='ltr'>ei</span> <span class='ocrx_word' id='word_1_15' title='bbox 521 594 609 663; x_wconf 92' lang='lat' dir='ltr'>dolos</span> <span class='ocrx_word' id='word_1_16' title='bbox 629 601 660 661; x_wconf 91' lang='lat' dir='ltr'>et</span> <span class='ocrx_word' id='word_1_17' title='bbox 677 591 805 662; x_wconf 80' lang='lat' dir='ltr'>fraudes</span> <span class='ocrx_word' id='word_1_18' title='bbox 832 589 999 670; x_wconf 91' lang='lat' dir='ltr'>obiiciunt;</span> <span class='ocrx_word' id='word_1_19' title='bbox 1020 590 1211 679; x_wconf 86' lang='lat' dir='ltr'>quinetiam</span> <span class='ocrx_word' id='word_1_20' title='bbox 1239 588 1326 658; x_wconf 86' lang='lat' dir='ltr'>Plato</span> <span class='ocrx_word' id='word_1_21' title='bbox 1345 589 1377 657; x_wconf 90' lang='lat' dir='ltr'>in</span> <span class='ocrx_word' id='word_1_22' title='bbox 1397 588 1532 658; x_wconf 85' lang='lat' dir='ltr'>luminas</span> <span class='ocrx_word' id='word_1_23' title='bbox 1550 607 1588 657; x_wconf 94' lang='lat' dir='ltr'>eo</span> <span class='ocrx_word' id='word_1_24' title='bbox 1616 587 1742 676; x_wconf 83' lang='lat' dir='ltr'>gravius</span> <span class='ocrx_word' id='word_1_25' title='bbox 1762 587 1908 657; x_wconf 88' lang='lat' dir='ltr'>animad-</span> 
     </span>
     <span class='ocr_line' id='line_1_4' title="bbox 385 704 1905 800; baseline -0.005 -17"><span class='ocrx_word' id='word_1_26' title='bbox 385 713 568 784; x_wconf 89' lang='lat' dir='ltr'>vertendum</span> <span class='ocrx_word' id='word_1_27' title='bbox 596 719 717 796; x_wconf 90' lang='lat' dir='ltr'>censet,</span> <span class='ocrx_word' id='word_1_28' title='bbox 746 731 807 800; x_wconf 87' lang='lat' dir='ltr'>quo</span> <span class='ocrx_word' id='word_1_29' title='bbox 835 710 939 778; x_wconf 87' lang='lat' dir='ltr'>minus</span> <span class='ocrx_word' id='word_1_30' title='bbox 966 709 1005 778; x_wconf 92' lang='lat' dir='ltr'>ad</span> <span class='ocrx_word' id='word_1_31' title='bbox 1035 710 1179 778; x_wconf 87' lang='lat' dir='ltr'>virtulem</span> <span class='ocrx_word' id='word_1_32' title='bbox 1208 715 1300 797; x_wconf 87' lang='lat' dir='ltr'>aptae</span> <span class='ocrx_word' id='word_1_33' title='bbox 1327 709 1389 776; x_wconf 88' lang='lat' dir='ltr'>sint</span> <span class='ocrx_word' id='word_1_34' title='bbox 1415 705 1483 800; x_wconf 82' lang='lat' dir='ltr'>(l);</span> <span class='ocrx_word' id='word_1_35' title='bbox 1509 727 1547 778; x_wconf 91' lang='lat' dir='ltr'>ac</span> <span class='ocrx_word' id='word_1_36' title='bbox 1573 707 1601 776; x_wconf 92' lang='lat' dir='ltr'>si</span> <span class='ocrx_word' id='word_1_37' title='bbox 1627 704 1798 798; x_wconf 81' lang='lat' dir='ltr'>Euripides</span> <span class='ocrx_word' id='word_1_38' title='bbox 1822 707 1905 776; x_wconf 83' lang='lat' dir='ltr'>affir-</span> 
     </span>
     <span class='ocr_line' id='line_1_5' title="bbox 384 825 1906 916; baseline -0.005 -14"><span class='ocrx_word' id='word_1_39' title='bbox 384 842 447 904; x_wconf 87' lang='lat' dir='ltr'>mat</span> <span class='ocrx_word' id='word_1_40' title='bbox 465 852 565 902; x_wconf 91' lang='lat' dir='ltr'>nnum</span> <span class='ocrx_word' id='word_1_41' title='bbox 579 832 682 901; x_wconf 86' lang='lat' dir='ltr'>virum</span> <span class='ocrx_word' id='word_1_42' title='bbox 700 832 873 900; x_wconf 79' lang='lat' dir='ltr'>innumeris</span> <span class='ocrx_word' id='word_1_43' title='bbox 889 828 1013 898; x_wconf 87' lang='lat' dir='ltr'>leminis</span> <span class='ocrx_word' id='word_1_44' title='bbox 1029 827 1126 916; x_wconf 86' lang='lat' dir='ltr'>pluris</span> <span class='ocrx_word' id='word_1_45' title='bbox 1142 849 1211 898; x_wconf 87' lang='lat' dir='ltr'>esse</span> <span class='ocrx_word' id='word_1_46' title='bbox 1227 847 1364 916; x_wconf 89' lang='lat' dir='ltr'>eumque</span> <span class='ocrx_word' id='word_1_47' title='bbox 1383 825 1660 910; x_wconf 88' lang='lat' dir='ltr'>contemnendum,</span> <span class='ocrx_word' id='word_1_48' title='bbox 1680 829 1732 916; x_wconf 87' lang='lat' dir='ltr'>qui</span> <span class='ocrx_word' id='word_1_49' title='bbox 1753 825 1906 896; x_wconf 87' lang='lat' dir='ltr'>adversus</span> 
     </span>
     <span class='ocr_line' id='line_1_6' title="bbox 383 939 1906 1041; baseline -0.003 -20"><span class='ocrx_word' id='word_1_50' title='bbox 383 965 439 1021; x_wconf 86' lang='lat' dir='ltr'>eas</span> <span class='ocrx_word' id='word_1_51' title='bbox 464 971 528 1021; x_wconf 92' lang='lat' dir='ltr'>uon</span> <span class='ocrx_word' id='word_1_52' title='bbox 555 951 687 1041; x_wconf 90' lang='lat' dir='ltr'>imperio</span> <span class='ocrx_word' id='word_1_53' title='bbox 705 951 760 1020; x_wconf 91' lang='lat' dir='ltr'>sed</span> <span class='ocrx_word' id='word_1_54' title='bbox 776 939 914 1018; x_wconf 88' lang='lat' dir='ltr'>lacrimis</span> <span class='ocrx_word' id='word_1_55' title='bbox 934 967 972 1016; x_wconf 92' lang='lat' dir='ltr'>ac</span> <span class='ocrx_word' id='word_1_56' title='bbox 993 945 1138 1037; x_wconf 86' lang='lat' dir='ltr'>precibus</span> <span class='ocrx_word' id='word_1_57' title='bbox 1158 955 1272 1029; x_wconf 90' lang='lat' dir='ltr'>utatur,</span> <span class='ocrx_word' id='word_1_58' title='bbox 1292 947 1473 1016; x_wconf 78' lang='lat' dir='ltr'>Aristoteles</span> <span class='ocrx_word' id='word_1_59' title='bbox 1494 947 1576 1016; x_wconf 91' lang='lat' dir='ltr'>virili</span> <span class='ocrx_word' id='word_1_60' title='bbox 1591 953 1722 1016; x_wconf 88' lang='lat' dir='ltr'>naturae</span> <span class='ocrx_word' id='word_1_61' title='bbox 1741 947 1906 1036; x_wconf 88' lang='lat' dir='ltr'>imperium</span> 
     </span>
     <span class='ocr_line' id='line_1_7' title="bbox 383 1067 1906 1162; baseline -0.003 -22"><span class='ocrx_word' id='word_1_62' title='bbox 383 1070 492 1143; x_wconf 84' lang='lat' dir='ltr'>tribuit</span> <span class='ocrx_word' id='word_1_63' title='bbox 517 1081 549 1142; x_wconf 88' lang='lat' dir='ltr'>et</span> <span class='ocrx_word' id='word_1_64' title='bbox 574 1072 697 1160; x_wconf 81' lang='lat' dir='ltr'>quaerit</span> <span class='ocrx_word' id='word_1_65' title='bbox 723 1089 780 1140; x_wconf 86' lang='lat' dir='ltr'>our</span> <span class='ocrx_word' id='word_1_66' title='bbox 806 1071 932 1156; x_wconf 87' lang='lat' dir='ltr'>gravius</span> <span class='ocrx_word' id='word_1_67' title='bbox 960 1069 999 1136; x_wconf 91' lang='lat' dir='ltr'>sit</span> <span class='ocrx_word' id='word_1_68' title='bbox 1026 1068 1149 1138; x_wconf 89' lang='lat' dir='ltr'>lacinus</span> <span class='ocrx_word' id='word_1_69' title='bbox 1177 1067 1328 1136; x_wconf 83' lang='lat' dir='ltr'>laminam</span> <span class='ocrx_word' id='word_1_70' title='bbox 1355 1068 1534 1138; x_wconf 88' lang='lat' dir='ltr'>interlicere</span> <span class='ocrx_word' id='word_1_71' title='bbox 1562 1087 1661 1157; x_wconf 87' lang='lat' dir='ltr'>quum</span> <span class='ocrx_word' id='word_1_72' title='bbox 1689 1085 1758 1162; x_wconf 77' lang='lat' dir='ltr'>mas</span> <span class='ocrx_word' id='word_1_73' title='bbox 1790 1076 1906 1136; x_wconf 90' lang='lat' dir='ltr'>natura</span> 
     </span>
     <span class='ocr_line' id='line_1_8' title="bbox 384 1185 1906 1278; baseline -0.005 -16"><span class='ocrx_word' id='word_1_74' title='bbox 384 1191 494 1262; x_wconf 86' lang='lat' dir='ltr'>melior</span> <span class='ocrx_word' id='word_1_75' title='bbox 521 1190 570 1260; x_wconf 90' lang='lat' dir='ltr'>sit.</span> <span class='ocrx_word' id='word_1_76' title='bbox 598 1187 667 1274; x_wconf 84' lang='lat' dir='ltr'>Qun</span> <span class='ocrx_word' id='word_1_77' title='bbox 695 1189 796 1278; x_wconf 91' lang='lat' dir='ltr'>magis</span> <span class='ocrx_word' id='word_1_78' title='bbox 823 1189 985 1258; x_wconf 82' lang='lat' dir='ltr'>Socratem</span> <span class='ocrx_word' id='word_1_79' title='bbox 1013 1187 1236 1257; x_wconf 89' lang='lat' dir='ltr'>admirandum</span> <span class='ocrx_word' id='word_1_80' title='bbox 1265 1207 1336 1256; x_wconf 91' lang='lat' dir='ltr'>esse</span> <span class='ocrx_word' id='word_1_81' title='bbox 1362 1185 1505 1270; x_wconf 89' lang='lat' dir='ltr'>arbitror,</span> <span class='ocrx_word' id='word_1_82' title='bbox 1533 1189 1586 1277; x_wconf 87' lang='lat' dir='ltr'>qui</span> <span class='ocrx_word' id='word_1_83' title='bbox 1620 1188 1785 1277; x_wconf 90' lang='lat' dir='ltr'>utriusque</span> <span class='ocrx_word' id='word_1_84' title='bbox 1813 1206 1906 1257; x_wconf 76' lang='lat' dir='ltr'>sextas</span> 
     </span>
     <span class='ocr_line' id='line_1_9' title="bbox 381 1302 1108 1404; baseline -0.014 -21"><span class='ocrx_word' id='word_1_85' title='bbox 381 1331 472 1402; x_wconf 88' lang='lat' dir='ltr'>pares</span> <span class='ocrx_word' id='word_1_86' title='bbox 499 1311 618 1400; x_wconf 88' lang='lat' dir='ltr'>ingenii</span> <span class='ocrx_word' id='word_1_87' title='bbox 647 1309 810 1380; x_wconf 77' lang='lat' dir='ltr'>facultates</span> <span class='ocrx_word' id='word_1_88' title='bbox 837 1308 1018 1379; x_wconf 88' lang='lat' dir='ltr'>dcltniverlt</span> <span class='ocrx_word' id='word_1_89' title='bbox 1046 1302 1108 1404; x_wconf 69' lang='lat'>(2).</span> 
     </span>
    </p>

    <p class='ocr_par' dir='ltr' id='par_1_3' title="bbox 379 1427 1908 2247">
     <span class='ocr_line' id='line_1_10' title="bbox 432 1427 1908 1521; baseline -0.004 -20"><span class='ocrx_word' id='word_1_90' title='bbox 432 1429 524 1518; x_wconf 85' lang='lat' dir='ltr'>Quae</span> <span class='ocrx_word' id='word_1_91' title='bbox 550 1451 650 1521; x_wconf 91' lang='lat' dir='ltr'>quum</span> <span class='ocrx_word' id='word_1_92' title='bbox 677 1431 719 1498; x_wconf 91' lang='lat' dir='ltr'>ita</span> <span class='ocrx_word' id='word_1_93' title='bbox 746 1436 861 1513; x_wconf 88' lang='lat' dir='ltr'>essent,</span> <span class='ocrx_word' id='word_1_94' title='bbox 889 1430 915 1497; x_wconf 92' lang='lat' dir='ltr'>si</span> <span class='ocrx_word' id='word_1_95' title='bbox 945 1431 1014 1518; x_wconf 82' lang='lat' dir='ltr'>quis</span> <span class='ocrx_word' id='word_1_96' title='bbox 1052 1427 1161 1498; x_wconf 88' lang='lat' dir='ltr'>credat</span> <span class='ocrx_word' id='word_1_97' title='bbox 1192 1430 1274 1497; x_wconf 88' lang='lat' dir='ltr'>inter</span> <span class='ocrx_word' id='word_1_98' title='bbox 1306 1428 1390 1497; x_wconf 90' lang='lat' dir='ltr'>riros</span> <span class='ocrx_word' id='word_1_99' title='bbox 1417 1436 1449 1496; x_wconf 91' lang='lat' dir='ltr'>et</span> <span class='ocrx_word' id='word_1_100' title='bbox 1477 1445 1591 1498; x_wconf 81' lang='lat' dir='ltr'>uxores</span> <span class='ocrx_word' id='word_1_101' title='bbox 1623 1429 1730 1498; x_wconf 89' lang='lat' dir='ltr'>omnia</span> <span class='ocrx_word' id='word_1_102' title='bbox 1761 1429 1853 1498; x_wconf 88' lang='lat' dir='ltr'>rudia</span> <span class='ocrx_word' id='word_1_103' title='bbox 1880 1436 1908 1496; x_wconf 90' lang='lat' dir='ltr'>et</span> 
     </span>
     <span class='ocr_line' id='line_1_11' title="bbox 380 1546 1905 1642; baseline -0.005 -21"><span class='ocrx_word' id='word_1_104' title='bbox 380 1553 519 1621; x_wconf 91' lang='lat' dir='ltr'>incomta</span> <span class='ocrx_word' id='word_1_105' title='bbox 546 1569 605 1620; x_wconf 91' lang='lat' dir='ltr'>neo</span> <span class='ocrx_word' id='word_1_106' title='bbox 639 1549 812 1642; x_wconf 87' lang='lat' dir='ltr'>quidquam</span> <span class='ocrx_word' id='word_1_107' title='bbox 843 1548 952 1619; x_wconf 87' lang='lat' dir='ltr'>blandi</span> <span class='ocrx_word' id='word_1_108' title='bbox 984 1557 1014 1618; x_wconf 91' lang='lat' dir='ltr'>et</span> <span class='ocrx_word' id='word_1_109' title='bbox 1041 1546 1170 1638; x_wconf 78' lang='lat' dir='ltr'>expoliti</span> <span class='ocrx_word' id='word_1_110' title='bbox 1203 1549 1298 1616; x_wconf 88' lang='lat' dir='ltr'>moris</span> <span class='ocrx_word' id='word_1_111' title='bbox 1330 1549 1553 1632; x_wconf 79' lang='lat' dir='ltr'>intercessisse,</span> <span class='ocrx_word' id='word_1_112' title='bbox 1587 1549 1789 1618; x_wconf 84' lang='lat' dir='ltr'>vehementer</span> <span class='ocrx_word' id='word_1_113' title='bbox 1816 1555 1905 1618; x_wconf 90' lang='lat' dir='ltr'>errat.</span> 
     </span>
     <span class='ocr_line' id='line_1_12' title="bbox 380 1663 1906 1757; baseline -0.004 -15"><span class='ocrx_word' id='word_1_114' title='bbox 380 1668 508 1742; x_wconf 81' lang='lat' dir='ltr'>Constat</span> <span class='ocrx_word' id='word_1_115' title='bbox 534 1670 619 1740; x_wconf 88' lang='lat' dir='ltr'>enirn</span> <span class='ocrx_word' id='word_1_116' title='bbox 647 1671 729 1738; x_wconf 92' lang='lat' dir='ltr'>viros</span> <span class='ocrx_word' id='word_1_117' title='bbox 757 1689 862 1738; x_wconf 92' lang='lat' dir='ltr'>coram</span> <span class='ocrx_word' id='word_1_118' title='bbox 893 1667 1045 1739; x_wconf 82' lang='lat' dir='ltr'>uxoribus</span> <span class='ocrx_word' id='word_1_119' title='bbox 1072 1663 1112 1738; x_wconf 92' lang='lat' dir='ltr'>ab</span> <span class='ocrx_word' id='word_1_120' title='bbox 1140 1668 1227 1738; x_wconf 92' lang='lat' dir='ltr'>omni</span> <span class='ocrx_word' id='word_1_121' title='bbox 1255 1665 1412 1738; x_wconf 82' lang='lat' dir='ltr'>inurbane</span> <span class='ocrx_word' id='word_1_122' title='bbox 1438 1687 1516 1738; x_wconf 84' lang='lat' dir='ltr'>uoce</span> <span class='ocrx_word' id='word_1_123' title='bbox 1536 1688 1576 1739; x_wconf 91' lang='lat' dir='ltr'>ac</span> <span class='ocrx_word' id='word_1_124' title='bbox 1602 1678 1692 1757; x_wconf 88' lang='lat' dir='ltr'>gestu</span> <span class='ocrx_word' id='word_1_125' title='bbox 1718 1666 1906 1738; x_wconf 83' lang='lat' dir='ltr'>abstinuisse</span> 
     </span>
     <span class='ocr_line' id='line_1_13' title="bbox 379 1786 1906 1881; baseline -0.004 -19"><span class='ocrx_word' id='word_1_126' title='bbox 379 1801 411 1862; x_wconf 91' lang='lat' dir='ltr'>et</span> <span class='ocrx_word' id='word_1_127' title='bbox 436 1811 561 1862; x_wconf 90' lang='lat' dir='ltr'>summa</span> <span class='ocrx_word' id='word_1_128' title='bbox 587 1810 663 1860; x_wconf 91' lang='lat' dir='ltr'>cura</span> <span class='ocrx_word' id='word_1_129' title='bbox 690 1791 844 1881; x_wconf 88' lang='lat' dir='ltr'>quidquid</span> <span class='ocrx_word' id='word_1_130' title='bbox 872 1788 995 1860; x_wconf 91' lang='lat' dir='ltr'>liberali</span> <span class='ocrx_word' id='word_1_131' title='bbox 1021 1789 1216 1860; x_wconf 90' lang='lat' dir='ltr'>institutione</span> <span class='ocrx_word' id='word_1_132' title='bbox 1241 1787 1409 1876; x_wconf 89' lang='lat' dir='ltr'>indignum</span> <span class='ocrx_word' id='word_1_133' title='bbox 1429 1798 1496 1859; x_wconf 91' lang='lat' dir='ltr'>erat</span> <span class='ocrx_word' id='word_1_134' title='bbox 1516 1790 1672 1858; x_wconf 85' lang='lat' dir='ltr'>vitavisse.</span> <span class='ocrx_word' id='word_1_135' title='bbox 1693 1786 1784 1873; x_wconf 85' lang='lat' dir='ltr'>Quae</span> <span class='ocrx_word' id='word_1_136' title='bbox 1803 1798 1906 1858; x_wconf 89' lang='lat' dir='ltr'>tamen</span> 
     </span>
     <span class='ocr_line' id='line_1_14' title="bbox 380 1907 1906 2001; baseline -0.004 -19"><span class='ocrx_word' id='word_1_137' title='bbox 380 1931 443 1982; x_wconf 93' lang='lat' dir='ltr'>non</span> <span class='ocrx_word' id='word_1_138' title='bbox 471 1921 533 1981; x_wconf 89' lang='lat' dir='ltr'>tarn</span> <span class='ocrx_word' id='word_1_139' title='bbox 560 1909 706 2001; x_wconf 89' lang='lat' dir='ltr'>obsequii</span> <span class='ocrx_word' id='word_1_140' title='bbox 734 1929 791 1980; x_wconf 89' lang='lat' dir='ltr'>nec</span> <span class='ocrx_word' id='word_1_141' title='bbox 819 1907 982 1979; x_wconf 88' lang='lat' dir='ltr'>muliebris</span> <span class='ocrx_word' id='word_1_142' title='bbox 1009 1907 1222 1979; x_wconf 84' lang='lat' dir='ltr'>verecundiae</span> <span class='ocrx_word' id='word_1_143' title='bbox 1248 1907 1376 1979; x_wconf 88' lang='lat' dir='ltr'>solliciti</span> <span class='ocrx_word' id='word_1_144' title='bbox 1393 1908 1569 1991; x_wconf 72' lang='lat' dir='ltr'>‘iaciebant</span> <span class='ocrx_word' id='word_1_145' title='bbox 1597 1921 1694 1998; x_wconf 82' lang='lat' dir='ltr'>qnam</span> <span class='ocrx_word' id='word_1_146' title='bbox 1734 1917 1767 1978; x_wconf 93' lang='lat' dir='ltr'>nt</span> <span class='ocrx_word' id='word_1_147' title='bbox 1800 1907 1906 1978; x_wconf 89' lang='lat' dir='ltr'>dume-</span> 
     </span>
     <span class='ocr_line' id='line_1_15' title="bbox 379 2031 1905 2121; baseline -0.003 -21"><span class='ocrx_word' id='word_1_148' title='bbox 379 2033 490 2102; x_wconf 89' lang='lat' dir='ltr'>sticam</span> <span class='ocrx_word' id='word_1_149' title='bbox 518 2031 719 2121; x_wconf 86' lang='lat' dir='ltr'>disciplinam</span> <span class='ocrx_word' id='word_1_150' title='bbox 746 2051 897 2119; x_wconf 84' lang='lat' dir='ltr'>suamque</span> <span class='ocrx_word' id='word_1_151' title='bbox 924 2031 1147 2110; x_wconf 67' lang='lat' dir='ltr'>auctoritatem,</span> <span class='ocrx_word' id='word_1_152' title='bbox 1173 2037 1355 2109; x_wconf 87' lang='lat' dir='ltr'>tuerentur;</span> <span class='ocrx_word' id='word_1_153' title='bbox 1384 2031 1473 2099; x_wconf 90' lang='lat' dir='ltr'>cuius</span> <span class='ocrx_word' id='word_1_154' title='bbox 1501 2049 1538 2099; x_wconf 90' lang='lat' dir='ltr'>ea</span> <span class='ocrx_word' id='word_1_155' title='bbox 1567 2037 1634 2100; x_wconf 91' lang='lat' dir='ltr'>erat</span> <span class='ocrx_word' id='word_1_156' title='bbox 1660 2047 1745 2115; x_wconf 89' lang='lat' dir='ltr'>cura,</span> <span class='ocrx_word' id='word_1_157' title='bbox 1780 2036 1818 2098; x_wconf 92' lang='lat' dir='ltr'>nt</span> <span class='ocrx_word' id='word_1_158' title='bbox 1850 2047 1905 2096; x_wconf 89' lang='lat' dir='ltr'>nec</span> 
     </span>
     <span class='ocr_line' id='line_1_16' title="bbox 380 2148 1738 2247; baseline -0.003 -27"><span class='ocrx_word' id='word_1_159' title='bbox 380 2149 478 2222; x_wconf 89' lang='lat' dir='ltr'>rictus</span> <span class='ocrx_word' id='word_1_160' title='bbox 497 2153 762 2222; x_wconf 89' lang='lat' dir='ltr'>communionem</span> <span class='ocrx_word' id='word_1_161' title='bbox 791 2171 850 2221; x_wconf 92' lang='lat' dir='ltr'>nec</span> <span class='ocrx_word' id='word_1_162' title='bbox 877 2151 1014 2238; x_wconf 88' lang='lat' dir='ltr'>coniugii</span> <span class='ocrx_word' id='word_1_163' title='bbox 1042 2148 1244 2247; x_wconf 89' lang='lat' dir='ltr'>dnlcedinem</span> <span class='ocrx_word' id='word_1_164' title='bbox 1273 2151 1425 2240; x_wconf 84' lang='lat' dir='ltr'>potiorem</span> <span class='ocrx_word' id='word_1_165' title='bbox 1454 2148 1620 2220; x_wconf 88' lang='lat' dir='ltr'>baberent.</span> <span class='ocrx_word' id='word_1_166' title='bbox 1736 2179 1738 2182; x_wconf 96' lang='lat'>·</span> 
     </span>
    </p>

    <p class='ocr_par' dir='ltr' id='par_1_4' title="bbox 312 2267 1905 3802">
     <span class='ocr_line' id='line_1_17' title="bbox 431 2267 1901 2360; baseline -0.003 -19"><span class='ocrx_word' id='word_1_167' title='bbox 431 2271 566 2342; x_wconf 85' lang='lat' dir='ltr'>Tametsi</span> <span class='ocrx_word' id='word_1_168' title='bbox 593 2270 737 2360; x_wconf 92' lang='lat' dir='ltr'>neglecta</span> <span class='ocrx_word' id='word_1_169' title='bbox 764 2279 831 2341; x_wconf 90' lang='lat' dir='ltr'>erat</span> <span class='ocrx_word' id='word_1_170' title='bbox 856 2269 1025 2340; x_wconf 89' lang='lat' dir='ltr'>mulierum</span> <span class='ocrx_word' id='word_1_171' title='bbox 1054 2269 1198 2358; x_wconf 90' lang='lat' dir='ltr'>pueritia,</span> <span class='ocrx_word' id='word_1_172' title='bbox 1232 2268 1402 2339; x_wconf 85' lang='lat' dir='ltr'>solitarium</span> <span class='ocrx_word' id='word_1_173' title='bbox 1437 2290 1474 2339; x_wconf 90' lang='lat' dir='ltr'>ac</span> <span class='ocrx_word' id='word_1_174' title='bbox 1500 2289 1602 2360; x_wconf 88' lang='lat' dir='ltr'>paene</span> <span class='ocrx_word' id='word_1_175' title='bbox 1629 2267 1784 2340; x_wconf 89' lang='lat' dir='ltr'>illiberale</span> <span class='ocrx_word' id='word_1_176' title='bbox 1811 2269 1901 2337; x_wconf 91' lang='lat' dir='ltr'>insti·</span> 
     </span>
     <span class='ocr_line' id='line_1_18' title="bbox 385 2388 1904 2479; baseline -0.004 -17"><span class='ocrx_word' id='word_1_177' title='bbox 385 2402 485 2462; x_wconf 92' lang='lat' dir='ltr'>tutum</span> <span class='ocrx_word' id='word_1_178' title='bbox 519 2395 608 2477; x_wconf 89' lang='lat' dir='ltr'>ritae,</span> <span class='ocrx_word' id='word_1_179' title='bbox 642 2401 747 2462; x_wconf 91' lang='lat' dir='ltr'>tamen</span> <span class='ocrx_word' id='word_1_180' title='bbox 784 2411 845 2460; x_wconf 92' lang='lat' dir='ltr'>nnn</span> <span class='ocrx_word' id='word_1_181' title='bbox 881 2391 1008 2459; x_wconf 88' lang='lat' dir='ltr'>deluere</span> <span class='ocrx_word' id='word_1_182' title='bbox 1036 2388 1184 2479; x_wconf 82' lang='lat' dir='ltr'>exempla</span> <span class='ocrx_word' id='word_1_183' title='bbox 1217 2389 1387 2478; x_wconf 90' lang='lat' dir='ltr'>singularis</span> <span class='ocrx_word' id='word_1_184' title='bbox 1419 2391 1542 2460; x_wconf 90' lang='lat' dir='ltr'>virtutis</span> <span class='ocrx_word' id='word_1_185' title='bbox 1578 2398 1610 2459; x_wconf 87' lang='lat' dir='ltr'>et</span> <span class='ocrx_word' id='word_1_186' title='bbox 1642 2389 1739 2458; x_wconf 91' lang='lat' dir='ltr'>animi</span> <span class='ocrx_word' id='word_1_187' title='bbox 1773 2388 1904 2469; x_wconf 61' lang='lat' dir='ltr'>excelsu</span> 
     </span>
     <span class='ocr_line' id='line_1_19' title="bbox 312 2506 1904 2600; baseline -0.004 -18"><span class='ocrx_word' id='word_1_188' title='bbox 312 2591 315 2598; x_wconf 17' lang='grc' dir='ltr'>λ</span> <span class='ocrx_word' id='word_1_189' title='bbox 384 2514 499 2582; x_wconf 90' lang='lat' dir='ltr'>etenim</span> <span class='ocrx_word' id='word_1_190' title='bbox 528 2511 649 2582; x_wconf 90' lang='lat' dir='ltr'>indoles</span> <span class='ocrx_word' id='word_1_191' title='bbox 676 2530 749 2580; x_wconf 90' lang='lat' dir='ltr'>vere</span> <span class='ocrx_word' id='word_1_192' title='bbox 778 2511 906 2600; x_wconf 88' lang='lat' dir='ltr'>egregia</span> <span class='ocrx_word' id='word_1_193' title='bbox 934 2507 1029 2580; x_wconf 92' lang='lat' dir='ltr'>nullis</span> <span class='ocrx_word' id='word_1_194' title='bbox 1056 2509 1290 2600; x_wconf 87' lang='lat' dir='ltr'>impedimentis</span> <span class='ocrx_word' id='word_1_195' title='bbox 1309 2511 1539 2598; x_wconf 82' lang='lat' dir='ltr'>constringitur,</span> <span class='ocrx_word' id='word_1_196' title='bbox 1559 2512 1623 2600; x_wconf 86' lang='lat' dir='ltr'>qud</span> <span class='ocrx_word' id='word_1_197' title='bbox 1648 2510 1750 2578; x_wconf 91' lang='lat' dir='ltr'>minus</span> <span class='ocrx_word' id='word_1_198' title='bbox 1775 2506 1904 2590; x_wconf 88' lang='lat' dir='ltr'>eluceat,</span> 
     </span>
     <span class='ocr_line' id='line_1_20' title="bbox 383 2621 1903 2724; baseline -0.004 -22"><span class='ocrx_word' id='word_1_199' title='bbox 383 2651 485 2724; x_wconf 83' lang='lat' dir='ltr'>neque</span> <span class='ocrx_word' id='word_1_200' title='bbox 517 2633 649 2719; x_wconf 78' lang='lat' dir='ltr'>exiguus</span> <span class='ocrx_word' id='word_1_201' title='bbox 683 2633 742 2701; x_wconf 92' lang='lat' dir='ltr'>luit</span> <span class='ocrx_word' id='word_1_202' title='bbox 776 2651 924 2701; x_wconf 91' lang='lat' dir='ltr'>numerus</span> <span class='ocrx_word' id='word_1_203' title='bbox 957 2651 1077 2714; x_wconf 91' lang='lat' dir='ltr'>earum,</span> <span class='ocrx_word' id='word_1_204' title='bbox 1121 2631 1151 2698; x_wconf 90' lang='lat' dir='ltr'>in</span> <span class='ocrx_word' id='word_1_205' title='bbox 1188 2650 1267 2720; x_wconf 87' lang='lat' dir='ltr'>quas</span> <span class='ocrx_word' id='word_1_206' title='bbox 1297 2631 1355 2700; x_wconf 90' lang='lat' dir='ltr'>riri</span> <span class='ocrx_word' id='word_1_207' title='bbox 1392 2631 1562 2721; x_wconf 89' lang='lat' dir='ltr'>plurimum</span> <span class='ocrx_word' id='word_1_208' title='bbox 1598 2629 1708 2699; x_wconf 89' lang='lat' dir='ltr'>iudicii</span> <span class='ocrx_word' id='word_1_209' title='bbox 1748 2621 1903 2718; x_wconf 83' lang='lat' dir='ltr'>officiique</span> 
     </span>
     <span class='ocr_line' id='line_1_21' title="bbox 379 2746 1902 2840; baseline -0.005 -17"><span class='ocrx_word' id='word_1_210' title='bbox 379 2751 591 2823; x_wconf 82' lang='lat' dir='ltr'>contulerunt.</span> <span class='ocrx_word' id='word_1_211' title='bbox 621 2750 726 2837; x_wconf 83' lang='lat' dir='ltr'>Quum</span> <span class='ocrx_word' id='word_1_212' title='bbox 755 2750 891 2819; x_wconf 88' lang='lat' dir='ltr'>solerent</span> <span class='ocrx_word' id='word_1_213' title='bbox 918 2750 1125 2820; x_wconf 77' lang='lat' dir='ltr'>Athenienses</span> <span class='ocrx_word' id='word_1_214' title='bbox 1152 2752 1324 2820; x_wconf 80' lang='lat' dir='ltr'>maximam</span> <span class='ocrx_word' id='word_1_215' title='bbox 1344 2749 1406 2819; x_wconf 90' lang='lat' dir='ltr'>diei</span> <span class='ocrx_word' id='word_1_216' title='bbox 1426 2759 1547 2840; x_wconf 89' lang='lat' dir='ltr'>partem</span> <span class='ocrx_word' id='word_1_217' title='bbox 1568 2752 1598 2819; x_wconf 94' lang='lat' dir='ltr'>in</span> <span class='ocrx_word' id='word_1_218' title='bbox 1620 2752 1696 2834; x_wconf 89' lang='lat' dir='ltr'>loro,</span> <span class='ocrx_word' id='word_1_219' title='bbox 1718 2750 1749 2818; x_wconf 90' lang='lat' dir='ltr'>iu</span> <span class='ocrx_word' id='word_1_220' title='bbox 1769 2746 1902 2830; x_wconf 89' lang='lat' dir='ltr'>indiciis,</span> 
     </span>
     <span class='ocr_line' id='line_1_22' title="bbox 381 2869 1904 2966; baseline -0.005 -23"><span class='ocrx_word' id='word_1_221' title='bbox 381 2875 413 2943; x_wconf 92' lang='lat' dir='ltr'>in</span> <span class='ocrx_word' id='word_1_222' title='bbox 443 2873 624 2966; x_wconf 79' lang='lat' dir='ltr'>gymnasiis,</span> <span class='ocrx_word' id='word_1_223' title='bbox 651 2873 682 2941; x_wconf 92' lang='lat' dir='ltr'>in</span> <span class='ocrx_word' id='word_1_224' title='bbox 711 2869 854 2940; x_wconf 87' lang='lat' dir='ltr'>coetibus</span> <span class='ocrx_word' id='word_1_225' title='bbox 881 2874 1056 2941; x_wconf 91' lang='lat' dir='ltr'>amicornm</span> <span class='ocrx_word' id='word_1_226' title='bbox 1082 2869 1213 2958; x_wconf 81' lang='lat' dir='ltr'>uersari,</span> <span class='ocrx_word' id='word_1_227' title='bbox 1240 2889 1471 2960; x_wconf 86' lang='lat' dir='ltr'>saepenumero</span> <span class='ocrx_word' id='word_1_228' title='bbox 1499 2879 1593 2940; x_wconf 91' lang='lat' dir='ltr'>totam</span> <span class='ocrx_word' id='word_1_229' title='bbox 1621 2869 1750 2940; x_wconf 91' lang='lat' dir='ltr'>domurn</span> <span class='ocrx_word' id='word_1_230' title='bbox 1776 2888 1816 2938; x_wconf 88' lang='lat' dir='ltr'>ac</span> <span class='ocrx_word' id='word_1_231' title='bbox 1843 2887 1904 2938; x_wconf 88' lang='lat' dir='ltr'>rem</span> 
     </span>
     <span class='ocr_line' id='line_1_23' title="bbox 380 2987 1903 3080; baseline -0.004 -18"><span class='ocrx_word' id='word_1_232' title='bbox 380 2991 567 3068; x_wconf 75' lang='lat' dir='ltr'>familiarem</span> <span class='ocrx_word' id='word_1_233' title='bbox 595 2989 744 3061; x_wconf 81' lang='lat' dir='ltr'>uxoribus</span> <span class='ocrx_word' id='word_1_234' title='bbox 771 2989 1018 3060; x_wconf 89' lang='lat' dir='ltr'>committebant.</span> <span class='ocrx_word' id='word_1_235' title='bbox 1048 2991 1112 3061; x_wconf 89' lang='lat' dir='ltr'>Nec</span> <span class='ocrx_word' id='word_1_236' title='bbox 1141 3011 1212 3060; x_wconf 89' lang='lat' dir='ltr'>raro</span> <span class='ocrx_word' id='word_1_237' title='bbox 1239 2991 1374 3060; x_wconf 84' lang='lat' dir='ltr'>inversis</span> <span class='ocrx_word' id='word_1_238' title='bbox 1402 2987 1544 3080; x_wconf 87' lang='lat' dir='ltr'>partibus</span> <span class='ocrx_word' id='word_1_239' title='bbox 1570 3009 1650 3060; x_wconf 83' lang='lat' dir='ltr'>uxor</span> <span class='ocrx_word' id='word_1_240' title='bbox 1676 2987 1903 3068; x_wconf 88' lang='lat' dir='ltr'>dominabatur,</span> 
     </span>
     <span class='ocr_line' id='line_1_24' title="bbox 381 3109 1905 3204; baseline -0.006 -21"><span class='ocrx_word' id='word_1_241' title='bbox 381 3113 428 3185; x_wconf 84' lang='lat' dir='ltr'>uir</span> <span class='ocrx_word' id='word_1_242' title='bbox 453 3111 593 3203; x_wconf 90' lang='lat' dir='ltr'>parebat.</span> <span class='ocrx_word' id='word_1_243' title='bbox 623 3110 721 3182; x_wconf 89' lang='lat' dir='ltr'>Nemo</span> <span class='ocrx_word' id='word_1_244' title='bbox 749 3133 810 3181; x_wconf 89' lang='lat' dir='ltr'>non</span> <span class='ocrx_word' id='word_1_245' title='bbox 837 3113 897 3182; x_wconf 88' lang='lat' dir='ltr'>scit</span> <span class='ocrx_word' id='word_1_246' title='bbox 914 3132 1010 3204; x_wconf 88' lang='lat' dir='ltr'>quam</span> <span class='ocrx_word' id='word_1_247' title='bbox 1029 3120 1213 3199; x_wconf 83' lang='lat' dir='ltr'>arroganter</span> <span class='ocrx_word' id='word_1_248' title='bbox 1232 3109 1266 3180; x_wconf 87' lang='lat' dir='ltr'>se&#39;</span> <span class='ocrx_word' id='word_1_249' title='bbox 1293 3111 1426 3200; x_wconf 87' lang='lat' dir='ltr'>gesserit</span> <span class='ocrx_word' id='word_1_250' title='bbox 1444 3109 1624 3200; x_wconf 89' lang='lat' dir='ltr'>llantbippe</span> <span class='ocrx_word' id='word_1_251' title='bbox 1641 3130 1678 3179; x_wconf 89' lang='lat' dir='ltr'>ac</span> <span class='ocrx_word' id='word_1_252' title='bbox 1693 3111 1771 3180; x_wconf 90' lang='lat' dir='ltr'>satis</span> <span class='ocrx_word' id='word_1_253' title='bbox 1788 3117 1905 3180; x_wconf 89' lang='lat' dir='ltr'>constat</span> 
     </span>
     <span class='ocr_line' id='line_1_25' title="bbox 381 3227 1904 3326; baseline -0.003 -23"><span class='ocrx_word' id='word_1_254' title='bbox 381 3235 535 3303; x_wconf 82' lang='lat' dir='ltr'>exstitisse</span> <span class='ocrx_word' id='word_1_255' title='bbox 562 3233 614 3323; x_wconf 88' lang='lat' dir='ltr'>qul</span> <span class='ocrx_word' id='word_1_256' title='bbox 644 3235 726 3322; x_wconf 89' lang='lat' dir='ltr'>ipsas</span> <span class='ocrx_word' id='word_1_257' title='bbox 754 3233 889 3300; x_wconf 86' lang='lat' dir='ltr'>virorum</span> <span class='ocrx_word' id='word_1_258' title='bbox 917 3252 1013 3319; x_wconf 86' lang='lat' dir='ltr'>genas</span> <span class='ocrx_word' id='word_1_259' title='bbox 1031 3230 1166 3321; x_wconf 92' lang='lat' dir='ltr'>crepidis</span> <span class='ocrx_word' id='word_1_260' title='bbox 1183 3232 1401 3321; x_wconf 89' lang='lat' dir='ltr'>percusserint</span> <span class='ocrx_word' id='word_1_261' title='bbox 1419 3227 1484 3326; x_wconf 82' lang='lat'><strong>(3).</strong></span> <span class='ocrx_word' id='word_1_262' title='bbox 1504 3229 1622 3300; x_wconf 87' lang='lat' dir='ltr'>Verum</span> <span class='ocrx_word' id='word_1_263' title='bbox 1640 3231 1716 3302; x_wconf 89' lang='lat' dir='ltr'>licet</span> <span class='ocrx_word' id='word_1_264' title='bbox 1734 3230 1904 3321; x_wconf 88' lang='lat' dir='ltr'>complures</span> 
     </span>
     <span class='ocr_line' id='line_1_26' title="bbox 381 3335 1905 3440; baseline -0.003 -18"><span class='ocrx_word' id='word_1_265' title='bbox 381 3354 496 3422; x_wconf 85' lang='lat' dir='ltr'>animis</span> <span class='ocrx_word' id='word_1_266' title='bbox 527 3353 666 3422; x_wconf 91' lang='lat' dir='ltr'>virorum</span> <span class='ocrx_word' id='word_1_267' title='bbox 699 3361 754 3422; x_wconf 90' lang='lat' dir='ltr'>aut</span> <span class='ocrx_word' id='word_1_268' title='bbox 787 3351 1004 3421; x_wconf 89' lang='lat' dir='ltr'>tollerantibus</span> <span class='ocrx_word' id='word_1_269' title='bbox 1031 3359 1085 3421; x_wconf 91' lang='lat' dir='ltr'>ant</span> <span class='ocrx_word' id='word_1_270' title='bbox 1120 3349 1283 3421; x_wconf 85' lang='lat' dir='ltr'>imbecillis</span> <span class='ocrx_word' id='word_1_271' title='bbox 1318 3350 1472 3440; x_wconf 90' lang='lat' dir='ltr'>obsequio</span> <span class='ocrx_word' id='word_1_272' title='bbox 1497 3335 1739 3421; x_wconf 85' lang='lat' dir='ltr'>etauctoritete</span> <span class='ocrx_word' id='word_1_273' title='bbox 1773 3359 1905 3420; x_wconf 89' lang='lat' dir='ltr'>matrum</span> 
     </span>
     <span class='ocr_line' id='line_1_27' title="bbox 383 3471 1903 3560; baseline -0.002 -20"><span class='ocrx_word' id='word_1_274' title='bbox 383 3472 516 3541; x_wconf 82' lang='lat' dir='ltr'>familias</span> <span class='ocrx_word' id='word_1_275' title='bbox 543 3473 728 3555; x_wconf 85' lang='lat' dir='ltr'>tractentur,</span> <span class='ocrx_word' id='word_1_276' title='bbox 759 3480 861 3541; x_wconf 89' lang='lat' dir='ltr'>tamen</span> <span class='ocrx_word' id='word_1_277' title='bbox 882 3472 993 3542; x_wconf 87' lang='lat' dir='ltr'>deerat</span> <span class='ocrx_word' id='word_1_278' title='bbox 1011 3493 1179 3542; x_wconf 92' lang='lat' dir='ltr'>commune</span> <span class='ocrx_word' id='word_1_279' title='bbox 1199 3471 1353 3542; x_wconf 90' lang='lat' dir='ltr'>iudicium</span> <span class='ocrx_word' id='word_1_280' title='bbox 1375 3493 1413 3542; x_wconf 92' lang='lat' dir='ltr'>ac</span> <span class='ocrx_word' id='word_1_281' title='bbox 1431 3471 1620 3554; x_wconf 83' lang='lat' dir='ltr'>institutum,</span> <span class='ocrx_word' id='word_1_282' title='bbox 1640 3491 1704 3560; x_wconf 80' lang='lat' dir='ltr'>quo</span> <span class='ocrx_word' id='word_1_283' title='bbox 1721 3471 1903 3541; x_wconf 87' lang='lat' dir='ltr'>laminarum</span> 
     </span>
     <span class='ocr_line' id='line_1_28' title="bbox 383 3590 1904 3682; baseline -0.003 -19"><span class='ocrx_word' id='word_1_284' title='bbox 383 3592 519 3681; x_wconf 90' lang='lat' dir='ltr'>dignitas</span> <span class='ocrx_word' id='word_1_285' title='bbox 546 3611 584 3660; x_wconf 93' lang='lat' dir='ltr'>ac</span> <span class='ocrx_word' id='word_1_286' title='bbox 612 3593 680 3661; x_wconf 90' lang='lat' dir='ltr'>iura</span> <span class='ocrx_word' id='word_1_287' title='bbox 708 3593 943 3661; x_wconf 90' lang='lat' dir='ltr'>continerentur</span> <span class='ocrx_word' id='word_1_288' title='bbox 969 3613 1143 3682; x_wconf 85' lang='lat' dir='ltr'>earumque</span> <span class='ocrx_word' id='word_1_289' title='bbox 1171 3593 1275 3661; x_wconf 87' lang='lat' dir='ltr'>officia</span> <span class='ocrx_word' id='word_1_290' title='bbox 1304 3612 1365 3661; x_wconf 95' lang='lat' dir='ltr'>non</span> <span class='ocrx_word' id='word_1_291' title='bbox 1394 3592 1478 3661; x_wconf 89' lang='lat' dir='ltr'>levia</span> <span class='ocrx_word' id='word_1_292' title='bbox 1496 3590 1653 3680; x_wconf 87' lang='lat' dir='ltr'>quaedam</span> <span class='ocrx_word' id='word_1_293' title='bbox 1674 3599 1706 3660; x_wconf 92' lang='lat' dir='ltr'>et</span> <span class='ocrx_word' id='word_1_294' title='bbox 1725 3593 1904 3661; x_wconf 90' lang='lat' dir='ltr'>necessitate</span> 
     </span>
     <span class='ocr_line' id='line_1_29' title="bbox 383 3710 1765 3802; baseline 0 -22"><span class='ocrx_word' id='word_1_295' title='bbox 383 3710 513 3781; x_wconf 85' lang='lat' dir='ltr'>delinita</span> <span class='ocrx_word' id='word_1_296' title='bbox 539 3711 594 3780; x_wconf 88' lang='lat' dir='ltr'>sed</span> <span class='ocrx_word' id='word_1_297' title='bbox 622 3711 787 3802; x_wconf 87' lang='lat' dir='ltr'>praeclara</span> <span class='ocrx_word' id='word_1_298' title='bbox 805 3719 844 3782; x_wconf 86' lang='lat' dir='ltr'>¹et</span> <span class='ocrx_word' id='word_1_299' title='bbox 871 3732 944 3781; x_wconf 92' lang='lat' dir='ltr'>curn</span> <span class='ocrx_word' id='word_1_300' title='bbox 972 3713 1057 3780; x_wconf 90' lang='lat' dir='ltr'>omni</span> <span class='ocrx_word' id='word_1_301' title='bbox 1085 3713 1278 3781; x_wconf 81' lang='lat' dir='ltr'>humanitate</span> <span class='ocrx_word' id='word_1_302' title='bbox 1305 3711 1474 3782; x_wconf 90' lang='lat' dir='ltr'>coniuncta</span> <span class='ocrx_word' id='word_1_303' title='bbox 1501 3711 1765 3781; x_wconf 80' lang='lat' dir='ltr'>existimarentur.</span> 
     </span>
    </p>

    <p class='ocr_par' dir='ltr' id='par_1_5' title="bbox 343 3828 1917 4652">
     <span class='ocr_line' id='line_1_30' title="bbox 434 3828 1903 3921; baseline -0.001 -21"><span class='ocrx_word' id='word_1_304' title='bbox 434 3828 591 3915; x_wconf 82' lang='lat' dir='ltr'>Qttonlam</span> <span class='ocrx_word' id='word_1_305' title='bbox 621 3839 682 3899; x_wconf 91' lang='lat' dir='ltr'>tam</span> <span class='ocrx_word' id='word_1_306' title='bbox 704 3851 818 3919; x_wconf 90' lang='lat' dir='ltr'>magna</span> <span class='ocrx_word' id='word_1_307' title='bbox 844 3840 890 3900; x_wconf 91' lang='lat' dir='ltr'>est</span> <span class='ocrx_word' id='word_1_308' title='bbox 916 3830 1090 3900; x_wconf 89' lang='lat' dir='ltr'>similitudo</span> <span class='ocrx_word' id='word_1_309' title='bbox 1109 3831 1266 3921; x_wconf 86' lang='lat' dir='ltr'>Euripidis</span> <span class='ocrx_word' id='word_1_310' title='bbox 1287 3851 1348 3902; x_wconf 92' lang='lat' dir='ltr'>non</span> <span class='ocrx_word' id='word_1_311' title='bbox 1368 3830 1462 3900; x_wconf 90' lang='lat' dir='ltr'>modo</span> <span class='ocrx_word' id='word_1_312' title='bbox 1482 3851 1559 3901; x_wconf 91' lang='lat' dir='ltr'>cum·</span> <span class='ocrx_word' id='word_1_313' title='bbox 1575 3839 1739 3920; x_wconf 92' lang='lat' dir='ltr'>poetarum</span> <span class='ocrx_word' id='word_1_314' title='bbox 1761 3831 1903 3901; x_wconf 90' lang='lat' dir='ltr'>conviciis</span> 
     </span>
     <span class='ocr_line' id='line_1_31' title="bbox 384 3949 1902 4042; baseline -0.002 -22"><span class='ocrx_word' id='word_1_315' title='bbox 384 3958 415 4020; x_wconf 90' lang='lat' dir='ltr'>et</span> <span class='ocrx_word' id='word_1_316' title='bbox 452 3952 644 4020; x_wconf 89' lang='lat' dir='ltr'>comicorum</span> <span class='ocrx_word' id='word_1_317' title='bbox 680 3951 767 4036; x_wconf 88' lang='lat' dir='ltr'>iocis,</span> <span class='ocrx_word' id='word_1_318' title='bbox 803 3949 860 4020; x_wconf 93' lang='lat' dir='ltr'>sed</span> <span class='ocrx_word' id='word_1_319' title='bbox 892 3951 987 4042; x_wconf 89' lang='lat' dir='ltr'>etlam</span> <span class='ocrx_word' id='word_1_320' title='bbox 1020 3971 1092 4020; x_wconf 94' lang='lat' dir='ltr'>cum</span> <span class='ocrx_word' id='word_1_321' title='bbox 1129 3953 1177 4036; x_wconf 88' lang='lat' dir='ltr'>iis,</span> <span class='ocrx_word' id='word_1_322' title='bbox 1209 3971 1291 4041; x_wconf 88' lang='lat' dir='ltr'>quae</span> <span class='ocrx_word' id='word_1_323' title='bbox 1323 3953 1501 4038; x_wconf 89' lang='lat' dir='ltr'>gravissimi</span> <span class='ocrx_word' id='word_1_324' title='bbox 1529 3953 1673 4021; x_wconf 89' lang='lat' dir='ltr'>homines</span> <span class='ocrx_word' id='word_1_325' title='bbox 1704 3951 1902 4042; x_wconf 85' lang='lat' dir='ltr'>scripserunt,</span> 
     </span>
     <span class='ocr_line' id='line_1_32' title="bbox 382 4068 1902 4161; baseline -0.003 -21"><span class='ocrx_word' id='word_1_326' title='bbox 382 4073 524 4161; x_wconf 90' lang='lat' dir='ltr'>sequitur</span> <span class='ocrx_word' id='word_1_327' title='bbox 552 4081 585 4141; x_wconf 93' lang='lat' dir='ltr'>nt</span> <span class='ocrx_word' id='word_1_328' title='bbox 612 4089 694 4160; x_wconf 85' lang='lat' dir='ltr'>quae</span> <span class='ocrx_word' id='word_1_329' title='bbox 721 4073 760 4140; x_wconf 93' lang='lat' dir='ltr'>de</span> <span class='ocrx_word' id='word_1_330' title='bbox 782 4071 906 4140; x_wconf 89' lang='lat' dir='ltr'>leminis</span> <span class='ocrx_word' id='word_1_331' title='bbox 925 4073 1023 4140; x_wconf 92' lang='lat' dir='ltr'>sensit</span> <span class='ocrx_word' id='word_1_332' title='bbox 1041 4092 1102 4142; x_wconf 94' lang='lat' dir='ltr'>nnn</span> <span class='ocrx_word' id='word_1_333' title='bbox 1122 4091 1160 4141; x_wconf 84' lang='lat' dir='ltr'>ex</span> <span class='ocrx_word' id='word_1_334' title='bbox 1179 4073 1295 4142; x_wconf 88' lang='lat' dir='ltr'>iudicio</span> <span class='ocrx_word' id='word_1_335' title='bbox 1313 4071 1465 4159; x_wconf 87' lang='lat' dir='ltr'>singulari</span> <span class='ocrx_word' id='word_1_336' title='bbox 1495 4073 1549 4141; x_wconf 90' lang='lat' dir='ltr'>sed</span> <span class='ocrx_word' id='word_1_337' title='bbox 1579 4091 1617 4142; x_wconf 85' lang='lat' dir='ltr'>ex</span> <span class='ocrx_word' id='word_1_338' title='bbox 1645 4073 1805 4141; x_wconf 88' lang='lat' dir='ltr'>communi</span> <span class='ocrx_word' id='word_1_339' title='bbox 1822 4068 1902 4139; x_wconf 91' lang='lat' dir='ltr'>illius</span> 
     </span>
     <span class='ocr_line' id='line_1_33' title="bbox 383 4187 1917 4292; baseline -0.001 -32"><span class='ocrx_word' id='word_1_340' title='bbox 383 4189 491 4260; x_wconf 89' lang='lat' dir='ltr'>aetatis</span> <span class='ocrx_word' id='word_1_341' title='bbox 517 4192 663 4280; x_wconf 90' lang='lat' dir='ltr'>opinione</span> <span class='ocrx_word' id='word_1_342' title='bbox 691 4209 834 4261; x_wconf 87' lang='lat' dir='ltr'>manasse</span> <span class='ocrx_word' id='word_1_343' title='bbox 862 4187 1145 4277; x_wconf 61' lang='lat' dir='ltr'>videantnrsQuod</span> <span class='ocrx_word' id='word_1_344' title='bbox 1173 4200 1277 4262; x_wconf 91' lang='lat' dir='ltr'>autem</span> <span class='ocrx_word' id='word_1_345' title='bbox 1306 4201 1369 4261; x_wconf 92' lang='lat' dir='ltr'>tarn</span> <span class='ocrx_word' id='word_1_346' title='bbox 1396 4213 1492 4281; x_wconf 90' lang='lat' dir='ltr'>saepe</span> <span class='ocrx_word' id='word_1_347' title='bbox 1519 4211 1557 4261; x_wconf 88' lang='lat' dir='ltr'>ac</span> <span class='ocrx_word' id='word_1_348' title='bbox 1584 4194 1789 4262; x_wconf 87' lang='lat' dir='ltr'>vehementer</span> <span class='ocrx_word' id='word_1_349' title='bbox 1821 4189 1917 4292; x_wconf 77' lang='lat' dir='ltr'>indi-¹</span> 
     </span>
     <span class='ocr_line' id='line_1_34' title="bbox 382 4310 1900 4402; baseline -0.001 -23"><span class='ocrx_word' id='word_1_350' title='bbox 382 4319 493 4398; x_wconf 85' lang='lat' dir='ltr'>gnatus</span> <span class='ocrx_word' id='word_1_351' title='bbox 511 4312 560 4396; x_wconf 88' lang='lat' dir='ltr'>sit,</span> <span class='ocrx_word' id='word_1_352' title='bbox 575 4312 687 4400; x_wconf 90' lang='lat' dir='ltr'>partim</span> <span class='ocrx_word' id='word_1_353' title='bbox 707 4314 774 4380; x_wconf 92' lang='lat' dir='ltr'>eius</span> <span class='ocrx_word' id='word_1_354' title='bbox 793 4313 928 4398; x_wconf 89' lang='lat' dir='ltr'>ingenio,</span> <span class='ocrx_word' id='word_1_355' title='bbox 944 4312 1058 4401; x_wconf 90' lang='lat' dir='ltr'>partim</span> <span class='ocrx_word' id='word_1_356' title='bbox 1076 4313 1160 4382; x_wconf 83' lang='lat' dir='ltr'>ritae</span> <span class='ocrx_word' id='word_1_357' title='bbox 1180 4311 1305 4382; x_wconf 86' lang='lat' dir='ltr'>casibus</span> <span class='ocrx_word' id='word_1_358' title='bbox 1322 4310 1524 4381; x_wconf 76' lang='lat' dir='ltr'>‘tribuendum</span> <span class='ocrx_word' id='word_1_359' title='bbox 1545 4311 1723 4401; x_wconf 56' lang='lat' dir='ltr'>putorNam</span> <span class='ocrx_word' id='word_1_360' title='bbox 1743 4331 1839 4402; x_wconf 88' lang='lat' dir='ltr'>quum</span> <span class='ocrx_word' id='word_1_361' title='bbox 1853 4330 1900 4379; x_wconf 87' lang='lat' dir='ltr'>re-</span> 
     </span>
     <span class='ocr_line' id='line_1_35' title="bbox 381 4431 1900 4522; baseline -0.002 -22"><span class='ocrx_word' id='word_1_362' title='bbox 381 4431 479 4500; x_wconf 91' lang='lat' dir='ltr'>centis</span> <span class='ocrx_word' id='word_1_363' title='bbox 497 4431 672 4520; x_wconf 86' lang='lat' dir='ltr'>sapientiae</span> <span class='ocrx_word' id='word_1_364' title='bbox 687 4431 793 4500; x_wconf 85' lang='lat' dir='ltr'>afflatu</span> <span class='ocrx_word' id='word_1_365' title='bbox 809 4433 983 4520; x_wconf 83' lang='lat' dir='ltr'>exagitatus</span> <span class='ocrx_word' id='word_1_366' title='bbox 1003 4432 1260 4502; x_wconf 90' lang='lat' dir='ltr'>adcommanem</span> <span class='ocrx_word' id='word_1_367' title='bbox 1279 4433 1375 4500; x_wconf 85' lang='lat' dir='ltr'>tilam</span> <span class='ocrx_word' id='word_1_368' title='bbox 1394 4441 1550 4521; x_wconf 87' lang='lat' dir='ltr'>spectaret</span> <span class='ocrx_word' id='word_1_369' title='bbox 1568 4433 1663 4522; x_wconf 87' lang='lat' dir='ltr'>eique</span> <span class='ocrx_word' id='word_1_370' title='bbox 1682 4451 1733 4501; x_wconf 90' lang='lat' dir='ltr'>res</span> <span class='ocrx_word' id='word_1_371' title='bbox 1753 4432 1900 4501; x_wconf 89' lang='lat' dir='ltr'>hnmanae</span> 
     </span>
     <span class='ocr_line' id='line_1_36' title="bbox 343 4547 1899 4652; baseline 0.001 -34"><span class='ocrx_word' id='word_1_372' title='bbox 343 4580 346 4585; x_wconf 94' lang='lat'><em>·</em></span> <span class='ocrx_word' id='word_1_373' title='bbox 381 4547 421 4618; x_wconf 92' lang='lat' dir='ltr'>ab</span> <span class='ocrx_word' id='word_1_374' title='bbox 447 4551 494 4635; x_wconf 87' lang='lat' dir='ltr'>iis,</span> <span class='ocrx_word' id='word_1_375' title='bbox 510 4549 604 4640; x_wconf 69' lang='lat' dir='ltr'>&#39;quae</span> <span class='ocrx_word' id='word_1_376' title='bbox 633 4551 701 4641; x_wconf 90' lang='lat' dir='ltr'>ipse</span> <span class='ocrx_word' id='word_1_377' title='bbox 726 4551 786 4642; x_wconf 90' lang='lat' dir='ltr'>sibi</span> <span class='ocrx_word' id='word_1_378' title='bbox 814 4553 1004 4641; x_wconf 89' lang='lat' dir='ltr'>cogitatione</span> <span class='ocrx_word' id='word_1_379' title='bbox 1032 4553 1175 4640; x_wconf 86' lang='lat' dir='ltr'>lingeret,</span> <span class='ocrx_word' id='word_1_380' title='bbox 1199 4561 1275 4652; x_wconf 86' lang='lat' dir='ltr'>tam</span> <span class='ocrx_word' id='word_1_381' title='bbox 1310 4551 1402 4640; x_wconf 91' lang='lat' dir='ltr'>longn</span> <span class='ocrx_word' id='word_1_382' title='bbox 1429 4551 1593 4628; x_wconf 88' lang='lat' dir='ltr'>intervallo</span> <span class='ocrx_word' id='word_1_383' title='bbox 1619 4561 1760 4622; x_wconf 89' lang='lat' dir='ltr'>remotae</span> <span class='ocrx_word' id='word_1_384' title='bbox 1786 4547 1899 4621; x_wconf 75' lang='lat' dir='ltr'>obiice</span> 
     </span>
    </p>
   </div>
   <div class='ocr_carea' id='block_1_3' title="bbox 378 4899 1898 5174">
    <p class='ocr_par' dir='ltr' id='par_1_6' title="bbox 378 4899 1898 5174">
     <span class='ocr_line' id='line_1_37' title="bbox 394 4899 1896 4988; baseline -0.01 -15"><span class='ocrx_word' id='word_1_385' title='bbox 394 4899 450 4988; x_wconf 79' lang='lat' dir='ltr'>¹(l)</span> <span class='ocrx_word' id='word_1_386' title='bbox 469 4909 535 4973; x_wconf 74' lang='lat' dir='ltr'>llum</span> <span class='ocrx_word' id='word_1_387' title='bbox 560 4917 596 4987; x_wconf 63' lang='lat' dir='ltr'>stt</span> <span class='ocrx_word' id='word_1_388' title='bbox 617 4909 678 4985; x_wconf 73' lang='lat' dir='ltr'>los,</span> <span class='ocrx_word' id='word_1_389' title='bbox 699 4911 762 4970; x_wconf 85' lang='lat' dir='ltr'>rllcd.</span> <span class='ocrx_word' id='word_1_390' title='bbox 788 4907 1002 4984; x_wconf 74' lang='lat' dir='ltr'>l0831tomuor.</span> <span class='ocrx_word' id='word_1_391' title='bbox 1029 4927 1072 4982; x_wconf 86' lang='lat' dir='ltr'>op.</span> <span class='ocrx_word' id='word_1_392' title='bbox 1097 4911 1165 4968; x_wconf 78' lang='lat' dir='ltr'>Stoa.</span> <span class='ocrx_word' id='word_1_393' title='bbox 1192 4910 1275 4968; x_wconf 82' lang='lat' dir='ltr'>Scrm.</span> <span class='ocrx_word' id='word_1_394' title='bbox 1295 4909 1339 4980; x_wconf 83' lang='lat'>73,</span> <span class='ocrx_word' id='word_1_395' title='bbox 1368 4907 1416 4978; x_wconf 68' lang='lat'>623</span> <span class='ocrx_word' id='word_1_396' title='bbox 1449 4909 1519 4965; x_wconf 80' lang='lat' dir='ltr'>Plau.</span> <span class='ocrx_word' id='word_1_397' title='bbox 1551 4909 1625 4978; x_wconf 75' lang='lat' dir='ltr'>depp.</span> <span class='ocrx_word' id='word_1_398' title='bbox 1654 4908 1699 4975; x_wconf 75' lang='lat' dir='ltr'>Vt,</span> <span class='ocrx_word' id='word_1_399' title='bbox 1714 4924 1742 4977; x_wconf 85' lang='lat' dir='ltr'>p.</span> <span class='ocrx_word' id='word_1_400' title='bbox 1766 4906 1823 4964; x_wconf 83' lang='lat'>781.</span> <span class='ocrx_word' id='word_1_401' title='bbox 1849 4903 1896 4962; x_wconf 84' lang='lat' dir='ltr'>dtr.</span> 
     </span>
     <span class='ocr_line' id='line_1_38' title="bbox 378 4991 1898 5074; baseline -0.009 -16"><span class='ocrx_word' id='word_1_402' title='bbox 378 5002 507 5074; x_wconf 85' lang='lat' dir='ltr'>Xenoph.</span> <span class='ocrx_word' id='word_1_403' title='bbox 526 5017 581 5073; x_wconf 81' lang='lat' dir='ltr'>rep.</span> <span class='ocrx_word' id='word_1_404' title='bbox 611 5003 700 5056; x_wconf 77' lang='lat' dir='ltr'>Laced.</span> <span class='ocrx_word' id='word_1_405' title='bbox 720 5000 787 5068; x_wconf 70' lang='lat' dir='ltr'>at.</span> <span class='ocrx_word' id='word_1_406' title='bbox 809 4999 888 5055; x_wconf 83' lang='lat' dir='ltr'>Publ&#39;.</span> <span class='ocrx_word' id='word_1_407' title='bbox 915 5000 977 5070; x_wconf 87' lang='lat' dir='ltr'>Syri</span> <span class='ocrx_word' id='word_1_408' title='bbox 996 4998 1141 5054; x_wconf 83' lang='lat' dir='ltr'>sententia</span> <span class='ocrx_word' id='word_1_409' title='bbox 1168 5002 1274 5052; x_wconf 86' lang='lat' dir='ltr'>exstat:</span> <span class='ocrx_word' id='word_1_410' title='bbox 1306 4995 1384 5052; x_wconf 88' lang='lat' dir='ltr'>malo</span> <span class='ocrx_word' id='word_1_411' title='bbox 1413 4995 1442 5049; x_wconf 90' lang='lat' dir='ltr'>in</span> <span class='ocrx_word' id='word_1_412' title='bbox 1476 4993 1597 5050; x_wconf 89' lang='lat' dir='ltr'>consilio</span> <span class='ocrx_word' id='word_1_413' title='bbox 1630 4991 1756 5048; x_wconf 86' lang='lat' dir='ltr'>feminae</span> <span class='ocrx_word' id='word_1_414' title='bbox 1784 4993 1898 5048; x_wconf 86' lang='lat' dir='ltr'>vincunt</span> 
     </span>
     <span class='ocr_line' id='line_1_39' title="bbox 378 5077 1896 5174; baseline -0.009 -32"><span class='ocrx_word' id='word_1_415' title='bbox 378 5087 608 5160; x_wconf 61' lang='lat' dir='ltr'>viros.,Propert.</span> <span class='ocrx_word' id='word_1_416' title='bbox 628 5087 666 5160; x_wconf 68' lang='lat' dir='ltr'>Ill.</span> <span class='ocrx_word' id='word_1_417' title='bbox 687 5085 712 5166; x_wconf 77' lang='lat'>2,</span> <span class='ocrx_word' id='word_1_418' title='bbox 732 5087 756 5168; x_wconf 81' lang='lat' dir='ltr'>t,</span> <span class='ocrx_word' id='word_1_419' title='bbox 772 5085 824 5159; x_wconf 82' lang='grc' dir='ltr'>69;Ι</span> <span class='ocrx_word' id='word_1_420' title='bbox 838 5085 923 5169; x_wconf 87' lang='lat' dir='ltr'>rerba</span> <span class='ocrx_word' id='word_1_421' title='bbox 941 5091 970 5139; x_wconf 88' lang='lat' dir='ltr'>et</span> <span class='ocrx_word' id='word_1_422' title='bbox 997 5099 1170 5173; x_wconf 78' lang='lat' dir='ltr'>cormponere</span> <span class='ocrx_word' id='word_1_423' title='bbox 1201 5082 1327 5174; x_wconf 79' lang='lat' dir='ltr'>fraudes,</span> <span class='ocrx_word' id='word_1_424' title='bbox 1348 5082 1402 5136; x_wconf 84' lang='lat' dir='ltr'>lroc</span> <span class='ocrx_word' id='word_1_425' title='bbox 1430 5085 1521 5134; x_wconf 77' lang='lat' dir='ltr'>renunt</span> <span class='ocrx_word' id='word_1_426' title='bbox 1539 5077 1641 5134; x_wconf 88' lang='lat' dir='ltr'>didicit</span> <span class='ocrx_word' id='word_1_427' title='bbox 1661 5077 1772 5133; x_wconf 87' lang='lat' dir='ltr'>lamina</span> <span class='ocrx_word' id='word_1_428' title='bbox 1791 5090 1896 5147; x_wconf 88' lang='lat' dir='ltr'>semper</span> 
     </span>
    </p>
   </div>
   <div class='ocr_carea' id='block_1_4' title="bbox 379 5185 1893 5329">
    <p class='ocr_par' dir='ltr' id='par_1_7' title="bbox 379 5185 1893 5329">
     <span class='ocr_line' id='line_1_40' title="bbox 379 5185 1893 5329; baseline -0.01 -15"><span class='ocrx_word' id='word_1_429' title='bbox 379 5185 530 5327; x_wconf 42' lang='lat' dir='ltr'>oppppssur.</span> <span class='ocrx_word' id='word_1_430' title='bbox 558 5258 614 5329; x_wconf 83' lang='lat' dir='ltr'>[ptr.</span> <span class='ocrx_word' id='word_1_431' title='bbox 643 5259 674 5312; x_wconf 80' lang='grc' dir='ltr'>Α.</span> <span class='ocrx_word' id='word_1_432' title='bbox 702 5253 778 5328; x_wconf 63' lang='lat' dir='ltr'>tata</span> <span class='ocrx_word' id='word_1_433' title='bbox 798 5231 853 5312; x_wconf 74' lang='lat' dir='ltr'>ilci.</span> <span class='ocrx_word' id='word_1_434' title='bbox 883 5255 943 5310; x_wconf 75' lang='lat' dir='ltr'>att.</span> <span class='ocrx_word' id='word_1_435' title='bbox 963 5255 1158 5328; x_wconf 77' lang='lat' dir='ltr'>Aristotrcp.</span> <span class='ocrx_word' id='word_1_436' title='bbox 1186 5255 1209 5324; x_wconf 90' lang='lat' dir='ltr'>l,</span> <span class='ocrx_word' id='word_1_437' title='bbox 1231 5253 1276 5321; x_wconf 80' lang='lat' dir='ltr'>l3;</span> <span class='ocrx_word' id='word_1_438' title='bbox 1298 5254 1382 5307; x_wconf 81' lang='lat' dir='ltr'>Probi.</span> <span class='ocrx_word' id='word_1_439' title='bbox 1412 5252 1465 5322; x_wconf 70' lang='lat'>29,</span> <span class='ocrx_word' id='word_1_440' title='bbox 1498 5251 1538 5306; x_wconf 93' lang='lat' dir='ltr'>ll.</span> <span class='ocrx_word' id='word_1_441' title='bbox 1572 5249 1609 5304; x_wconf 89' lang='lat' dir='ltr'>lle</span> <span class='ocrx_word' id='word_1_442' title='bbox 1635 5249 1751 5306; x_wconf 85' lang='lat' dir='ltr'>Socrate</span> <span class='ocrx_word' id='word_1_443' title='bbox 1770 5246 1893 5319; x_wconf 85' lang='lat' dir='ltr'>Xenoph.</span> 
     </span>
    </p>
   </div>
   <div class='ocr_carea' id='block_1_5' title="bbox 381 5341 1238 5512">
    <p class='ocr_par' dir='ltr' id='par_1_8' title="bbox 381 5341 1238 5512">
     <span class='ocr_line' id='line_1_41' title="bbox 381 5341 1238 5512; baseline -0.012 -26"><span class='ocrx_word' id='word_1_444' title='bbox 381 5341 579 5499; x_wconf 21' lang='lat' dir='ltr'>cellbltbssszdc</span> <span class='ocrx_word' id='word_1_445' title='bbox 595 5429 666 5486; x_wconf 80' lang='lat' dir='ltr'>cuod.</span> <span class='ocrx_word' id='word_1_446' title='bbox 687 5427 819 5484; x_wconf 79' lang='lat' dir='ltr'>Erulortb.</span> <span class='ocrx_word' id='word_1_447' title='bbox 839 5426 873 5512; x_wconf 68' lang='lat' dir='ltr'>li.⁴</span> <span class='ocrx_word' id='word_1_448' title='bbox 885 5425 1030 5498; x_wconf 85' lang='lat' dir='ltr'>Aristoph.</span> <span class='ocrx_word' id='word_1_449' title='bbox 1048 5425 1159 5492; x_wconf 68' lang='lat' dir='ltr'>trenta.</span> <span class='ocrx_word' id='word_1_450' title='bbox 1180 5423 1238 5480; x_wconf 77' lang='lat' dir='ltr'>ast.</span> 
     </span>
    </p>
   </div>
   <div class='ocr_carea' id='block_1_6' title="bbox 0 0 1998 6166">
    <p class='ocr_par' dir='ltr' id='par_1_9' title="bbox 0 0 1998 6166">
     <span class='ocr_line' id='line_1_42' title="bbox 0 0 1998 6166; baseline 0 0"><span class='ocrx_word' id='word_1_451' title='bbox 0 0 1998 6166; x_wconf 95' lang='lat' dir='ltr'> </span> 
     </span>
    </p>
   </div>
  </div>
 </body>
</html>
