4010 6172
1023 343 1222 412 *ib-

372 517 409 568 ac
436 498 608 568 infortunia
633 507 808 588 querantur
826 497 889 592 (l);
915 499 971 567 sed
1002 499 1040 566 iis
1066 500 1212 587 exceptis,
1241 515 1345 586 pauca
1369 493 1540 564 admodum
1569 491 1689 560 indicia
1714 497 1788 560 sont
1813 490 1882 556 ani-

369 637 491 688 morum
520 627 581 688 tam
611 639 733 690 morose
752 628 847 710 atque
866 621 1044 710 importune
1070 626 1184 686 sortem
1214 626 1350 687 nostram
1379 614 1661 706 interpretantium,
1681 618 1713 679 ut
1731 608 1761 676 id
1781 611 1883 700 ipsum

365 737 451 827 quod
479 741 583 809 essent
602 740 751 810 miserum
780 739 941 810 ducerent.
955 740 1043 825 Quae
1063 748 1124 808 tam
1146 741 1269 826 integra
1282 748 1312 808 et
1324 746 1452 838 naturae
1482 721 1696 803 consentanea
1721 731 1818 800 animi
1838 729 1884 798 al-

367 859 471 942 lectio,
486 860 556 948 ipsa
573 880 674 930 rerum
689 859 901 930 humanarum
914 859 1084 949 fragilitate
1100 881 1160 931 non
1176 862 1275 942 tracti,
1289 858 1343 927 sed
1363 856 1401 925 ad
1420 857 1557 925 maiores
1570 852 1744 942 voluptates
1757 850 1885 932 inuitati,

365 999 427 1048 uon
456 978 558 1048 aliena
577 988 624 1048 est
643 999 662 1047 a
681 981 821 1069 personis
842 981 1021 1070 euripirleis.
1043 982 1153 1069 ltaque
1171 979 1250 1049 lueis
1269 979 1454 1048 suavitatem
1482 973 1712 1044 studiosissime
1733 977 1887 1060 appetunt

365 1100 420 1187 qni
447 1117 486 1167 ex
514 1100 577 1167 vita
602 1099 770 1192 ¹discedere
803 1105 960 1187 coguntur·
1002 1097 1067 1168 Alo.
1106 1099 1189 1184 lii,
1219 1097 1288 1194 Iplr.
1318 1101 1352 1166 l.
1390 1097 1496 1168 l250.
1525 1092 1553 1164 0
1580 1090 1744 1181 splendide
1774 1087 1885 1158 aether

365 1220 534 1307 suavisque
562 1218 625 1304 lux,
653 1228 804 1307 quantum
831 1219 932 1290 solatii
964 1217 1063 1290 beatis
1091 1229 1121 1290 et
1148 1221 1271 1288 miseris
1302 1238 1359 1286 vos
1391 1216 1507 1286 intueri
1537 1211 1579 1305 fr.
1617 1211 1696 1282 lid.
1729 1209 1886 1280 lliuturoa

367 1357 458 1421 mors,
485 1339 549 1406 vita
576 1347 679 1407 autem
707 1337 813 1408 brevis
839 1347 871 1408 at
897 1338 1089 1410 suavis-Alc.
1119 1341 1203 1410 691.
1231 1337 1349 1408 Stultus
1369 1344 1416 1404 est
1443 1335 1495 1424 qui
1524 1334 1606 1401 vitae
1634 1338 1766 1400 mortem
1795 1336 1886 1398 ante·

365 1466 480 1548 punal;
507 1459 570 1527 vivi
597 1433 686 1529 beati
710 1468 783 1529 sunl
806 1458 847 1550 fr.
882 1461 962 1540 tat,
991 1462 1050 1530 lrao
1078 1460 1149 1530 luce
1177 1458 1392 1538 delectamur;
1410 1456 1583 1524 inferorum
1615 1449 1765 1521 tenebrae
1793 1468 1834 1518 ne
1854 1449 1884 1515 in

365 1578 496 1645 somniis
523 1578 652 1667 quidem
680 1580 837 1649 iucundae
860 1578 901 1671 fr.
931 1579 1019 1663 est;
1046 1579 1138 1649 bomo
1167 1588 1307 1648 mortuus
1335 1575 1439 1666 pulvis
1467 1581 1497 1644 et
1525 1571 1636 1641 umbra
1657 1580 1712 1654 est,
1741 1568 1819 1638 nibil
1846 1565 1884 1638 ad

367 1697 501 1766 nihilum
538 1700 684 1769 recidens
709 1699 750 1793 fr.
781 1701 863 1773 536.
900 1700 995 1770 Nulla
1022 1710 1070 1770 est
1096 1702 1176 1770 vitae
1211 1699 1346 1783 miseria,
1380 1717 1443 1786 qua
1473 1696 1515 1766 ad
1549 1700 1682 1762 mortem
1716 1688 1885 1780 petendam

365 1817 568 1887 adducamur.
598 1819 705 1889 luania
733 1820 917 1910 praedicant
935 1842 1027 1891 senes
1047 1842 1144 1910 quum
1171 1821 1260 1890 aiunt
1284 1838 1318 1887 se
1337 1827 1463 1908 propter·
1491 1812 1690 1884 incommoda
1716 1808 1887 1879 senectutis

367 1945 497 2006 mortem
525 1948 650 2028 optare;
684 1942 738 2031 qui
766 1950 898 2011 mortem
932 1941 1407 2031 adpropinquantemeifogere
1441 1942 1593 2005 conantur
1627 1951 1730 2021 neque
1758 1947 1886 2017 gravem

367 2057 504 2147 amplius
531 2069 722 2129 senectutem
735 2081 811 2132 ,esse
828 2063 966 2132 sentiunt
984 2060 1046 2130 dle.
1076 2061 1158 2130 669.
1184 2085 1201 2126 u
1221 2060 1253 2129 Si
1270 2058 1395 2129 videam
1416 2076 1547 2127 caecum
1564 2054 1722 2124 aerumnis
1741 2058 1888 2120 venatum

367 2196 460 2265 quem
488 2177 566 2247 alter
592 2200 704 2250 caecus
731 2201 826 2250 manu
852 2181 958 2271 ducat,
987 2183 1055 2251 eius
1082 2181 1240 2277 ignaviam
1258 2180 1436 2270 vituperem
1455 2177 1510 2266 qni
1529 2177 1637 2244 vivere
1663 2170 1760 2255 malit,
1788 2189 1888 2259 quum

367 2317 459 2380 mors,
484 2311 649 2388 promptus
677 2302 829 2371 malorum
856 2303 967 2383 exitus,
996 2310 1120 2390 praesto
1146 2303 1193 2370 sit.
1223 2301 1287 2387 Ego
1307 2318 1390 2380 vero,
1419 2298 1471 2386 qui
1493 2297 1523 2364 iu
1551 2296 1661 2364 eadem
1689 2295 1748 2360 sim
1776 2290 1890 2358 condi·

369 2419 467 2500 cione,
495 2429 602 2488 eontra
628 2422 727 2501 iacio;
757 2431 858 2490 tantus
886 2441 974 2490 amor
999 2424 1080 2490 vitae
1114 2419 1296 2490 homiuibus
1329 2420 1440 2487 insitus
1466 2426 1528 2496 est;
1556 2417 1674 2484 scimus
1701 2413 1785 2480 enim
1814 2411 1890 2499 quid

327 2529 334 2540 '
369 2537 473 2606 vivere
509 2541 558 2624 sit,
589 2541 662 2631 qnid
698 2563 781 2610 mors
818 2544 1009 2629 ignoramus,
1045 2562 1139 2632 quam
1175 2540 1215 2611 ob
1251 2561 1315 2609 rem
1349 2559 1457 2607 omues
1492 2544 1647 2604 terrentur
1674 2531 1715 2627 fir.
1752 2533 1824 2601 8t3
1855 2556 1890 2597 a.

368 2657 403 2725 ln
431 2659 629 2729 universitate
657 2683 762 2730 rernm
791 2664 978 2752 praecipuus
1006 2664 1131 2730 humani
1160 2663 1284 2750 generis
1310 2661 1400 2729 locus
1427 2668 1482 2740 est,
1501 2658 1590 2726 cuius
1610 2657 1740 2740 exiguae
1759 2652 1890 2743 quidem

369 2779 463 2861 vires,
489 2779 544 2848 sed
573 2782 688 2867 ingenii
717 2783 863 2851 acumine
891 2802 984 2851 omne
1004 2803 1103 2870 genus
1122 2783 1328 2850 animantium
1348 2779 1408 2849 sibi
1429 2778 1605 2849 subiectum
1632 2774 1736 2843 reddit
1766 2769 1808 2866 fr.
1830 2773 1891 2843 21.

370 2897 478 2982 Nemo,
516 2900 620 2982 credo,
655 2909 716 2970 tam
751 2901 919 2971 iocundam
953 2922 991 2971 ao
1022 2902 1159 2970 vividam
1186 2899 1357 2988 imaginem
1390 2894 1766 2998 hominumoondioionis
1793 2899 1892 2980 atque

367 3017 542 3088 industriae
568 3022 722 3112 expressit
747 3042 841 3113 quam
872 3023 1035 3111 Euripides
1061 3020 1167 3112 Suppl.
1199 3018 1361 3093 l95-2l5
1390 3014 1452 3117 (2).

419 3137 457 3206 At
484 3141 551 3209 eius
579 3143 661 3208 modi
690 3141 822 3210 vocibus
842 3140 938 3210 multo
967 3143 1057 3232 plora
1076 3143 1218 3231 opposita
1235 3151 1306 3208 sunt
1327 3141 1469 3208 miserias
1488 3147 1583 3227 atque
1601 3152 1769 3205 aerumnas
1790 3133 1889 3200 nostri

369 3260 494 3344 generis
522 3259 697 3329 dolentium
725 3270 755 3330 et
781 3270 912 3329 mortem
946 3254 1124 3330 remedium
1151 3281 1188 3330 ac
1222 3259 1367 3329 solatium
1396 3258 1619 3328 invocantium.
1647 3253 1737 3338 Quae
1764 3252 1891 3322 tametsi

370 3396 573 3465 personarum
606 3381 740 3450 fortunis
777 3383 981 3465 conveniunt,
1012 3391 1113 3451 tameu
1148 3391 1177 3450 et
1204 3380 1316 3450 crebro
1344 3383 1456 3448 iterata
1489 3386 1520 3446 et
1546 3377 1672 3465 saepius
1700 3393 1737 3443 ea
1773 3374 1890 3441 mentis

369 3499 595 3587 tranquillitate
623 3504 781 3591 proposita
809 3512 891 3583 sunt,
918 3509 954 3570 nt
983 3523 1023 3572 en
1050 3503 1158 3571 intimo
1187 3503 1283 3570 corde
1312 3500 1563 3591 philosophantis
1594 3505 1704 3586 poetae
1731 3493 1892 3584 proficisci

347 3617 555 3713 videantur.¹
577 3620 665 3690 Vitae
692 3620 792 3690 labori
820 3642 934 3691 nomen
961 3631 1008 3691 est
1032 3620 1074 3715 fr.
1106 3621 1189 3704 957,
1217 3620 1307 3690 stulte
1336 3603 1484 3690 mortales
1510 3641 1580 3690 sese
1608 3617 1751 3686 laborum
1774 3633 1891 3682 vacuos

368 3739 497 3807 credant
508 3737 549 3830 fr⁴
567 3741 652 3827 3963
669 3743 752 3810 vitae
765 3761 842 3809 eura
860 3761 1022 3830 nunquam
1038 3741 1176 3809 iucunda
1187 3738 1228 3832 fr.
1249 3737 1294 3810 3l
1311 3762 1405 3830 quam
1423 3742 1588 3810 innumera
1603 3736 1686 3807 mala
1701 3735 1893 3804 comitantur

366 3857 408 3950 fv·
439 3855 524 3942 203,
553 3861 636 3935 653,
665 3861 749 3943 872,
778 3861 930 3949 plurimas
956 3860 1108 3930 babentia
1135 3863 1251 3930 lorruas
1278 3862 1334 3930 sed
1362 3870 1512 3950 perpetua
1539 3862 1609 3929 vice
1637 3861 1717 3926 iuter
1744 3875 1779 3923 se
1807 3854 1891 3923 exei-

370 3980 487 4066 pientia
510 3978 552 4071 fr.
582 3981 665 4062 atu,
695 3983 740 4050 35
772 3979 839 4073 (cir.
868 3980 972 4052 deecit.
1003 3979 1087 4050 Pera.
1117 3982 1200 4063 706,
1227 3979 1333 4072 Suppl.
1364 3983 1462 4075 ddi).
1497 3981 1606 4068 traque
1640 3998 1701 4048 uon
1734 3976 1829 4045 morlo
1855 3975 1890 4040 in

370 4117 517 4186 praesens
544 4101 723 4168 cruciamur
757 4096 820 4170 sod
844 4103 938 4170 etiam
966 4102 996 4168 iu
1032 4103 1322 4190 futurum-tempus
1357 4099 1529 4170 terroribus
1567 4099 1743 4187 implemur,
1778 4092 1892 4183 quibus

371 4217 586 4288 vehementius
613 4221 757 4307 angimur
785 4240 877 4308 quam
905 4220 999 4289 rebus
1028 4220 1248 4309 praesentibus
1276 4221 1312 4288 ln.
1343 4218 1413 4289 tto
1442 4219 1516 4313 (cir.
1539 4219 1633 4308 Soph.
1658 4215 1769 4288 Truelr.
1791 4206 1893 4308 att),

369 4335 438 4421 Qua
465 4338 680 4406 vicissitudine
699 4321 907 4408 animantium
926 4361 962 4408 ae
981 4341 1175 4427 gignentium
1195 4339 1257 4408 alia
1276 4349 1422 4409 creseunt
1440 4340 1501 4409 alia
1523 4341 1760 4428 extinguuntur,
1781 4339 1891 4410 eadem

367 4457 561 4527 calamitates
576 4457 646 4526 aliis
665 4461 894 4546 conquiescunt
912 4459 982 4528 aliie
996 4460 1139 4528 oriuntur
1156 4458 1197 4551 fr.
1217 4459 1255 4530 tt
1267 4460 1298 4527 9.
1321 4459 1408 4529 Nulla
1425 4459 1569 4550 voluptas
1588 4479 1606 4528 a
1622 4458 1730 4528 dolore
1748 4460 1894 4530 seiuncta

369 4577 552 4647 mortalibus
578 4578 730 4666 contingit
745 4576 786 4669 fr.
822 4576 909 4660 tat;
938 4580 1080 4647 homines
1108 4581 1228 4649 vanitas
1254 4589 1285 4648 et
1314 4577 1426 4649 umbra
1456 4588 1545 4661 sunt;
1573 4581 1627 4669 qui
1664 4580 1892 4669 sapientissimi

368 4698 522 4781 videntur,
552 4699 571 4766 ii
599 4697 791 4780 stultissimi;
817 4705 919 4787 potest
944 4699 1074 4788 quidem
1101 4699 1182 4768 alius
1209 4699 1269 4768 alio
1288 4698 1411 4768 beatior
1429 4719 1518 4780 esse;
1540 4718 1631 4768 nemo
1653 4719 1729 4768 vero
1745 4698 1894 4770 beatissi-

368 4838 438 4886 mus
457 4815 540 4886 Med.
562 4819 674 4900 laam
689 4837 818 4886 'summa
836 4818 979 4899 felicitas,
997 4839 1093 4908 quam
1113 4819 1179 4887 lere
1198 4839 1291 4888 nemo
1317 4821 1535 4910 consequitur,
1555 4839 1594 4887 ea
1612 4827 1667 4902 est,
1686 4821 1713 4888 si
1739 4818 1892 4890 bonorum

370 4957 465 5028 quam
494 4936 649 5007 malorum
681 4938 799 5006 maiore
825 4939 916 5027 eopia
935 4947 1061 5008 utamur
1089 4937 1185 5030 Hipp.
1217 4936 1298 5007 lit.
1327 4937 1378 5006 Nil
1399 4941 1496 5028 igitur
1523 4939 1705 5011 mirandum
1732 4949 1782 5010 est
1809 4939 1892 5031 qnod

406 5196 438 5261 [ll
458 5194 549 5251 llulta
567 5195 655 5249 huius
674 5194 751 5250 modi
773 5194 892 5267 collegit
911 5196 1053 5253 Stobaeus
1080 5199 1119 5251 tit.
1140 5196 1173 5252 98
1198 5195 1246 5268 qui
1272 5193 1455 5260 inscribitur:
1484 5204 1536 5266 περὶ
1554 5205 1594 5248 τοῦ
1611 5203 1664 5267 ptos
1693 5197 1727 5248 ὅτι
1746 5204 1839 5269 βραχὺς
1856 5205 1896 5248 και

370 5281 465 5338 εὐτελὴς
483 5288 521 5331 καὶ
540 5282 668 5350 φροντίδων
688 5285 827 5345 ἀνάμεστος,

404 5368 436 5434 (2)
456 5367 625 5438 Quanquam
645 5372 674 5421 et
691 5366 840 5437 Sophoclis
864 5366 1040 5421 nobilissimi
1069 5382 1165 5424 versus
1192 5372 1307 5424 exstant
1325 5366 1360 5422 de
1389 5365 1546 5422 hominum
1568 5366 1713 5424 industrio
1732 5383 1897 5441 eorumque

371 5451 402 5509 in
429 5450 535 5508 belluis
562 5452 762 5508 dominatione
780 5455 839 5508 lot.
860 5450 917 5520 332,
935 5468 992 5520 sqq.
