3986 6172
1069 269 1272 344 ..42-

304 397 307 402 ⁵
405 428 470 498 dita
495 436 601 498 essent
627 431 659 498 in
687 424 817 514 tabulis,
846 449 874 496 v.
903 447 933 516 g.
961 425 1093 516 blicam,
1123 447 1204 517 quae
1224 427 1330 499 furora
1348 435 1491 518 correpta
1509 425 1666 515 Meleagro
1685 425 1753 497 filio
1772 425 1932 517 interitum

403 548 567 632 attulisset,
594 547 733 632 Scillam,
768 567 849 637 quae
883 556 1004 638 patrem
1044 548 1242 638 prodidisset,
1275 549 1420 620 Lemnias
1447 548 1608 632 mulieres,
1634 567 1716 638 quae
1742 567 1807 618 una
1841 555 1931 620 nocte

405 670 489 738 viros
506 688 616 739 omnes
638 670 833 756 iugulassent
861 662 925 765 (l).
954 669 1045 752 Quod
1065 670 1091 738 si
1111 678 1175 739 tam
1194 687 1309 760 magno
1328 677 1485 740 contemtu
1503 670 1638 740 laminas
1657 669 1838 759 prosequuti
1861 677 1931 740 sunt

291 855 293 860 ,
403 799 524 880 poetae,
558 809 692 878 quorum
720 790 858 860 manime
889 789 960 860 laus
987 789 1046 860 luit
1073 792 1105 860 in
1134 787 1230 860 rebus
1256 809 1293 860 ac
1340 790 1483 880 personis
1510 787 1665 880 tingendis
1697 809 1757 860 sua
1791 789 1928 879 quadam

403 910 510 998 specie
535 911 647 980 ductos
675 910 781 994 luisse,
809 908 887 998 quid
912 909 1083 980 dicendum
1115 911 1259 980 videatur
1293 911 1334 981 de
1361 912 1409 997 iis,
1436 910 1491 1000 qui
1518 912 1627 1000 ipsum
1660 910 1743 980 vitae
1768 907 1929 999 exemplar

403 1029 609 1118 respicientes
636 1037 668 1098 ot
694 1026 848 1118 quidquid
876 1029 1031 1113 uitiosum,
1065 1031 1256 1114 inconstans,
1284 1029 1481 1119 inquinatum
1519 1040 1586 1100 erat
1621 1036 1826 1120 aucupantes,
1856 1027 1928 1100 inde

403 1159 589 1236 argumenta
627 1157 657 1217 et
686 1168 777 1221 voces
815 1152 979 1220 sumsere?
1010 1147 1117 1236 Quare
1152 1150 1330 1222 mirandum
1357 1171 1418 1222 non
1447 1159 1493 1220 cst
1520 1150 1605 1239 quod
1632 1150 1808 1242 Hipponax,
1835 1149 1926 1222 dicax

404 1266 456 1338 ille
485 1266 663 1340 iamborum
689 1269 831 1359 scriptor,
860 1269 939 1340 baca
968 1268 1147 1358 reliquerit:

824 1467 975 1553 bd'dplpor
997 1469 1132 1555 γννοιοκός
1154 1471 1222 1531 εἰσιν
1244 1465 1366 1531 ἥδισται·

827 1591 891 1653 ὅταν
911 1591 997 1674 papii
1020 1615 1064 1664 τος
1084 1587 1213 1677 κάκφέρῃ
1234 1589 1414 1654 τεθνηκυῖαν.

402 1783 547 1856 Comicos
573 1783 692 1870 omitto,
721 1803 760 1854 es
788 1784 904 1876 quibus
930 1785 1007 1854 satis
1025 1803 1172 1871 magnam
1198 1783 1293 1854 buius
1320 1784 1406 1854 modi
1421 1803 1527 1854 rerum
1546 1785 1671 1875 copiam
1691 1781 1780 1853 nullo
1801 1780 1924 1872 negotio

401 1923 572 1994 excerpere
599 1923 736 1994 possum,
764 1925 862 1993 quum
890 1905 1021 1974 leminas
1048 1904 1169 1993 tingunt
1194 1904 1384 1994 pervicaces,
1403 1925 1555 1988 morosas,
1574 1902 1728 1987 infideles,
1746 1904 1916 1993 aerispro·

401 2024 499 2112 digas,
526 2025 667 2113 nequitia
693 2043 731 2094 ac
758 2021 944 2094 libidinibus
969 2025 1053 2094 viros
1072 2026 1186 2093 misere
1214 2024 1453 2107 excruciantes3
1481 2023 1559 2096 illud
1594 2023 1760 2096 Menandri
1787 2023 1923 2094 attulisse

406 2141 613 2231 satisluerit,
641 2141 693 2214 ubi
720 2145 765 2214 ait
790 2165 841 2236 cp.
869 2141 949 2216 Stel.
980 2144 1037 2230 72,
1057 2143 1091 2228 2,

825 2381 867 2393 -
889 2342 1007 2430 ἀνάγκη
1029 2344 1087 2428 γὰρ
1109 2343 1233 2440 porcino
1254 2343 1323 2408 εἷνοοο
1345 2341 1439 2420 auxio,

834 2467 843 2485 ν
887 2461 896 2484 2
927 2465 935 2484 ο
1002 2467 1008 2483 ν
1057 2465 1065 2483 ο
1110 2462 1140 2486 τι
1261 2463 1269 2488 Ι
1453 2462 1460 2486 l

828 2468 884 2527 οολλ
904 2486 1031 2546 εντυχνς
1053 2462 1108 2527 aab
1130 2487 1142 2526 ο
1163 2487 1356 2547 μετροοοτοοτον
1378 2463 1487 2528 leder.

401 2653 463 2724 Sed
498 2656 580 2724 inter
613 2673 731 2740 omnes,
766 2654 821 2745 qui
848 2653 898 2724 vel
925 2655 1125 2745 indignantes
1152 2657 1203 2728 vel
1230 2660 1369 2727 iocantes
1397 2657 1583 2728 muliebrem
1610 2675 1719 2725 sexum
1747 2656 1791 2724 ita
1819 2654 1918 2724 ntale-

400 2773 493 2846 dictis
520 2783 741 2860 oneraverunt,
768 2783 804 2843 ut
830 2795 958 2862 gravem
986 2777 1206 2867 funestamque
1235 2779 1454 2848 necessitatem
1483 2787 1594 2847 natum
1622 2777 1801 2864 impositam
1817 2775 1920 2844 dolere

398 2889 576 2978 videantur,
603 2914 695 2964 nemo
723 2902 784 2963 tam
812 2895 990 2965 vehementi
1009 2897 1090 2982 odic,
1111 2897 1196 2968 relut
1213 2896 1319 2966 animo
1339 2897 1590 2989 penitusinfisc,
1610 2897 1775 2979 aestuavit,
1805 2903 1919 2984 quanto

399 3005 699 3104 dommuccensis
727 3014 929 3104 significandi
956 3015 1074 3085 nullam
1104 3037 1177 3114 nonv
1192 3019 1457 3108 opportunitatem
1485 3024 1631 3086 sectatur.
1659 3013 1719 3086 Alii
1747 3013 1851 3084 obiter
1871 3016 1920 3083 in-

400 3123 557 3205 vehuntur
584 3145 640 3205 aut
665 3135 782 3222 rident;
810 3135 950 3226 Euripidi
978 3135 1010 3205 id
1039 3139 1232 3226 propositum
1260 3138 1357 3207 luisse
1391 3137 1521 3222 videtur,
1552 3131 1585 3206 ut
1613 3135 1747 3206 seminas
1776 3134 1918 3205 omnibus
1985 3137 1986 3172 r

401 3253 597 3326 contumeliis
624 3264 759 3340 vexaret,
786 3277 884 3346 quare
911 3257 974 3325 iam
1001 3256 1085 3347 apud
1114 3265 1234 3326 veteres
1251 3266 1408 3350 μισογύνης
1426 3255 1643 3370 appellabatur
1662 3250 1723 3353 (ἓ).
1743 3255 1919 3348 Nequeim-

401 3376 524 3445 meritc:
544 3377 586 3444 ait
613 3377 697 3445 enirn
724 3377 872 3446 feminam
897 3377 1129 3446 atrocissimum
1156 3397 1228 3446 esse
1253 3377 1408 3448 malorum
1433 3375 1473 3470 fr.
1495 3379 1568 3449 805
1588 3377 1837 3467 necquidquam
1858 3379 1919 3446 eius

400 3496 540 3583 potentia
567 3495 640 3584 fingi
667 3517 761 3586 posse
787 3495 1000 3586 perniciosius
1023 3494 1065 3588 fr.
1099 3495 1212 3569 tota:
1267 3515 1270 3520 ¹
1343 3485 1345 3490 ’
1690 3480 1716 3502 ·*

826 3693 902 3756 barrit
925 3692 979 3771 μὲν
999 3694 1074 3758 ἀλκὴ
1098 3694 1234 3772 κυμάτων
1256 3697 1434 3775 θαλασσίων,

826 3812 911 3876 δεινοὶ
933 3813 964 3876 δὲ
984 3818 1125 3890 ποταμῶν
1151 3814 1199 3879 aul
1221 3816 1305 3899 πυρὸς
1326 3818 1437 3901 θερμοῦ
1453 3820 1545 3894 rorat,

825 3931 911 3996 δεινὸν
933 3931 965 3996 δὲ
986 3932 1079 4014 merla,
1102 3934 1177 3998 asoa
1198 3934 1301 3999 δ’ἄλλοο
1322 3938 1419 4020 poplo,
1548 3985 1551 3990 -

826 4051 888 4115 ἀλλ’
903 4051 979 4116 οὐδὲν
1002 4053 1075 4116 οὕτω
1098 4053 1182 4117 δεινὸν
1205 4057 1245 4126 ὡς
1265 4057 1338 4140 yonii
1361 4053 1458 4120 κοίκόν·
1491 4125 1493 4127 ,

825 4170 881 4234 οὐδ’
895 4172 928 4234 ἂν
949 4171 1058 4255 γένοντο
1073 4173 1201 4257 γράμμα
1222 4179 1343 4240 τοιοῦτον
1365 4181 1466 4269 γραφῇ

826 4293 920 4356 οὐδ’ἂν
942 4293 1031 4377 libyos
1053 4295 1184 4376 δείξειεν·
1208 4301 1232 4358 ai
1254 4295 1287 4360 δέ
1306 4321 1355 4360 τον
1377 4300 1458 4364 θεῶν

825 4412 881 4476 τόδ’
890 4417 946 4477 ἕστο
968 4412 1097 4491 πλάσμα,
1120 4415 1292 4498 δημιουργὸς
1313 4417 1355 4484 ὢν
1378 4426 1476 4486 κακῶν

822 4529 960 4614 μέγιστος
982 4533 1051 4597 ἴστον
1074 4531 1121 4598 καὶ
1142 4534 1264 4618 dporotor
1287 4537 1433 4616 δυσμενής.

400 4725 561 4796 Dederuut
587 4724 715 4815 quidem
742 4725 785 4794 dii
814 4724 927 4815 quibus
954 4728 1156 4799 mederemur
1184 4726 1341 4798 morsibus
1363 4728 1497 4797 venefici
1516 4730 1643 4815 anguis;
1661 4739 1774 4799 contra
1793 4732 1910 4799 seminas

400 4854 484 4916 tanto
516 4845 684 4934 nequiores
717 4845 794 4915 nibil
831 4854 1048 4940 monstrarunt
1071 4846 1169 4919 Andr.
1198 4849 1288 4926 adm
1317 4867 1476 4939 nunquam
1504 4868 1567 4918 uon
1596 4849 1826 4940 impedimento
1852 4855 1910 4918 sunt

400 4965 475 5036 viris
502 4983 540 5034 ac
566 4963 650 5034 vitae
676 4983 768 5035 casos
793 4965 827 5032 in
845 4966 937 5054 peius
963 4964 1151 5058 detorquent
1180 4965 1233 5038 Or.
1263 4967 1354 5048 605;
1382 4988 1402 5036 a
1430 4967 1594 5038 timiditate
1615 4969 1654 5038 ad
1674 4971 1839 5040 audaciam
1858 4971 1910 5039 im-

407 5219 467 5364 A(tl
486 5220 555 5361 Septi
575 5219 825 5366 tiglahiddksuppl,
845 5225 904 5283 tta.
922 5229 1014 5298 Apum.
1032 5228 1093 5301 tas,
1107 5228 1184 5288 1636.
1203 5230 1277 5289 Vide
1293 5237 1443 5303 proataraa
1456 5232 1571 5290 Hesiod.
1585 5235 1675 5304 rimo.
1686 5233 1809 5292 590-612.
1819 5232 1910 5291 Simon.

430 5322 521 5378 marg.
612 5351 618 5364 .
660 5323 709 5379 erg
733 5351 739 5365 .

436 5391 471 5464 (2)
489 5392 642 5463 Hieronem.
662 5395 898 5471 Rhodopeium.
920 5397 960 5469 ta,
975 5414 1005 5468 p.
1024 5398 1074 5456 257
1093 5401 1121 5455 ld.
