3986 6172
1010 317 1211 389 ..ln-.-

355 483 479 563 praeter
513 494 636 562 ugrum,
664 474 703 542 do
731 493 793 561 quo
821 483 892 543 ante
918 472 1012 561 legati
1039 470 1080 542 ah
1115 472 1224 557 Roma,
1252 474 1305 562 rpui
1334 474 1365 541 in
1396 492 1429 541 re
1458 475 1614 560 praesenti
1643 483 1882 561 cognoscerent

353 594 438 662 missi
466 602 581 676 essent,
618 593 751 683 amplius
777 594 976 683 septuaginta
1001 593 1117 682 oppida
1144 591 1335 681 castellaque
1361 593 1428 680 agri
1463 592 1721 681 carthaginiensis
1747 591 1882 664 hiennio

352 713 499 802 proximo
525 712 724 784 Masinissam
752 713 783 782 ni
810 721 902 804 atque
928 712 1024 784 armis
1051 711 1238 803 possedisse.
1266 712 1301 782 ld
1330 711 1386 797 illi,
1405 713 1464 781 'oui
1492 713 1570 782 nihil
1597 715 1686 801 pensi
1713 715 1763 797 sit,
1784 713 1881 783 facile

350 850 431 900 esse.
466 830 738 921 Carthaginienses
770 832 897 902 loedere
922 830 1058 920 illigatos
1092 831 1197 900 silere.
1226 829 1389 901 Prohiberi
1425 832 1508 901 enim
1536 841 1626 902 entra
1655 833 1734 903 fines
1761 833 1879 904 efferre

351 971 449 1021 arma.
480 951 680 1042 Quamquam
708 953 820 1035 sciant,
849 953 880 1020 in
908 953 975 1021 suis
1002 951 1127 1036 linibus,
1154 953 1180 1018 sl
1208 951 1283 1020 inde
1309 951 1459 1022 Numidas
1485 951 1645 1041 pellerent,
1672 973 1707 1024 se
1732 962 1880 1042 gesturos

350 1069 485 1152 hellum;
519 1071 572 1140 illo
599 1072 683 1141 haud
718 1069 866 1158 ambiguo
894 1072 994 1159 capite
1031 1070 1166 1140 loederis
1194 1069 1357 1160 deterreri,
1386 1091 1448 1160 quo
1476 1071 1591 1141 diserte
1625 1081 1771 1143 vetentur
1802 1094 1879 1143 oum

335 1191 445 1292 Nsooils
473 1192 578 1282 populi
606 1192 737 1262 Romani
765 1189 881 1260 bellum
911 1211 1032 1279 gerere.
1053 1189 1112 1259 Sed
1128 1189 1195 1278 jam
1218 1189 1299 1258 ultra
1312 1188 1490 1278 superbiam
1508 1190 1725 1262 crudelitatem
1745 1203 1775 1262 et
1794 1214 1876 1263 ana-

352 1312 452 1380 ritiam
480 1311 548 1401 ejus
576 1332 636 1381 non
666 1314 728 1401 pati
758 1330 850 1402 posse
877 1309 1158 1399 Carthaginienses.
1187 1308 1297 1378 Missos
1325 1329 1404 1394 esse,
1432 1311 1486 1398 qui
1513 1321 1640 1381 orarent
1665 1321 1826 1397 senatum,
1847 1324 1879 1382 ut

352 1433 444 1500 trium
473 1432 586 1502 harum
615 1452 719 1501 rerum
747 1451 841 1500 unam
860 1428 901 1498 ah
928 1450 962 1500 se
981 1431 1144 1519 impetravi
1166 1429 1317 1498 sinerent:
1345 1439 1378 1499 ut
1396 1429 1446 1500 nel
1465 1450 1505 1500 en
1524 1449 1626 1520 aequo
1647 1433 1728 1523 apud
1753 1437 1878 1505 socium

351 1550 513 1639 populum,
549 1550 624 1639 quid
658 1551 814 1640 cujusque
842 1558 936 1634 esset,
975 1550 1201 1638 disceptarent:
1230 1548 1282 1618 uel
1310 1549 1524 1638 permitterent
1550 1547 1879 1641 Carthaginiensibus,

353 1679 386 1738 ut
412 1671 562 1740 adversus
590 1672 706 1739 iniusta
732 1690 820 1739 arma
852 1671 902 1758 pio
930 1671 1075 1758 iustoque
1103 1691 1138 1738 se
1166 1678 1339 1738 tutarentur
1365 1667 1471 1738 hello:
1499 1670 1547 1741 vel
1574 1672 1615 1741 od
1641 1682 1835 1759 extremum,
1856 1677 1881 1744 si

351 1791 453 1878 gratia
480 1790 560 1880 plus,
589 1811 682 1878 quam
717 1792 842 1873 veritas,
870 1790 952 1881 apud
980 1810 1033 1858 eos
1061 1787 1191 1874 valeret,
1219 1788 1315 1858 semel
1344 1799 1529 1874 statuerent,
1555 1792 1631 1880 quid
1658 1793 1808 1863 donatum
1840 1817 1882 1864 ex

351 1907 454 1978 alieno
482 1910 663 1979 Masinissae
684 1909 807 1979 vellent.
835 1907 955 1977 llorum
981 1909 1008 1977 si
1036 1908 1113 1978 nihil
1143 1909 1353 1997 impetrarent,
1374 1917 1406 1977 et
1418 1907 1547 1998 aliquod
1574 1931 1665 1980 suum
1685 1921 1753 2001 post
1769 1913 1881 1982 datam

351 2029 430 2099 at.
459 2028 604 2119 Scipione
634 2050 742 2119 paoem
770 2029 920 2098 delictum
948 2035 1040 2112 esset,
1076 2027 1134 2117 ipsi
1169 2030 1273 2116 potius
1307 2029 1594 2099 animadverterent
1620 2032 1653 2100 in
1686 2051 1732 2102 se.
1765 2031 1883 2102 Totam

304 2187 323 2228 v,
351 2149 532 2216 seruitutem
559 2170 593 2217 se
619 2147 679 2219 suh
707 2148 843 2218 dominis
871 2146 1029 2231 Romanis,
1057 2166 1152 2235 quam
1173 2143 1350 2216 libertatem
1379 2149 1548 2238 expositam
1568 2149 1607 2218 ad
1626 2151 1758 2220 iniurias
1775 2151 1885 2222 blasi-

351 2245 465 2351 nissae,
487 2267 589 2340 malle.
618 2270 723 2339 Perire
750 2289 887 2359 namque
913 2266 1010 2337 semel
1039 2268 1112 2356 ipsis
1139 2267 1237 2335 satius
1263 2286 1341 2353 esse,
1370 2288 1466 2357 quam
1493 2263 1559 2361 {suh
1586 2269 1784 2341 acerbissimi
1803 2293 1885 2342 car-

350 2386 453 2456 nlliois
481 2369 612 2458 arbitrio
638 2389 782 2481 spiritum
809 2389 937 2460 ducere.
1218 2369 1221 2372 ¹

905 2658 1062 2738 Tema
1089 2657 1140 2739 di
1168 2659 1334 2740 Greco.

403 2885 455 2950 Mb
477 2883 538 2963 τοῖς
559 2882 679 2962 albiorem
703 2881 783 2952 ἀλλὰ
804 2889 863 2964 rats
884 2883 1044 2963 debriantes
1059 2887 1169 2954 εόποντο
1193 2887 1216 2953 ol
1240 2883 1285 2952 ἐπ’
1300 2887 1384 2973 alpach
1409 2889 1562 2967 ὀνομαστοί,

409 2992 448 3054 Ol
472 2991 552 3054 κοιλοὶ
575 2990 698 3074 κάγαθοὶ
721 2991 822 3056 νεανίαι
844 2993 960 3055 εόοόόοισι
982 2992 1088 3076 λέγειν·
1114 2997 1144 3056 ού
1167 2993 1295 3077 πρότερον
1318 2993 1437 3070 ἑδόμεόοι
1452 2993 1515 3057 οὐδὲ
1530 2992 1652 3070 πιόμεθοι
1665 2987 1728 3075 πρὶν
1751 2989 1877 3054 ἂνποιιό-

350 3115 446 3170 σωμεν
468 3093 506 3155 τὰ
526 3093 579 3156 ὑπὸ
601 3092 710 3176 γονέων
732 3091 748 3156 d
772 3094 950 3157 hulmontillus
972 3095 1193 3180 ἐπιτεταγμένοι.

403 3197 460 3277 Τῷ
482 3193 576 3278 Ξέρξῃ
593 3195 780 3279 όρμκοοιμένρν
800 3197 867 3279 πρός
888 3195 955 3270 τοὺς
976 3197 1120 3267 Ἕλληνος
1147 3197 1202 3260 ἔτει
1229 3199 1451 3280 τετρακοσιοστῷ
1471 3197 1653 3281 ὀγδοηκοστῷ
1682 3195 1790 3279 πρώτῳ
1820 3197 1876 3277 πρὸ

346 3301 466 3382 χριστοῦ
487 3297 600 3380 λέγουσι
622 3297 754 3382 γενέοόοιι
777 3301 948 3381 στρατιῶται
970 3299 1083 3373 πλείους
1104 3303 1162 3361 τῶν
1178 3300 1276 3364 ἑκατόν
1291 3299 1449 3381 μυριάδων·
1469 3303 1492 3362 ol
1507 3298 1539 3362 δὲ
1554 3299 1695 3364 Ἀόκνοιῒοι
1713 3297 1877 3380 οτροιτκγὸν

347 3401 472 3478 ἑλόμενοι
494 3400 693 3475 Θεμιστοκλέα
710 3401 858 3464 ἂποόλιιοοιν
879 3401 943 3474 τοὺς
965 3402 1172 3475 ἐπεληλυθότος
1194 3401 1240 3464 κοιλ
1263 3399 1438 3480 ἐπιθεμένους
1460 3403 1566 3475 αὐτοῖς.

398 3625 563 3718 Compluta
589 3575 620 3699 la
647 3631 790 3722 tersione
818 3633 842 3702 il
869 3634 1003 3721 giovane
1030 3629 1097 3702 lara
1124 3595 1261 3702 l'analisi
1288 3631 1369 3702 delle
1397 3630 1523 3721 parole:

549 3781 670 3842 sinuoso·
695 3778 823 3842 rioldum·
847 3780 981 3857 ἐδόμεθα·
1004 3776 1148 3863 γενέσθαι·
1171 3777 1296 3851 πλιόονς·
1321 3779 1458 3856 ἑλόμενοι·
1483 3775 1668 3856 ἐπιθεμένους.

798 4035 1173 4142 Compostztone
1199 4037 1418 4121 italiana.

1061 4281 1161 4358 Temo.

394 4533 591 4604 Descrizlone
623 4525 848 4616 dell'autunno,
884 4529 1228 4600 edivertimeutiohe
1261 4528 1337 4597 olfre
1370 4527 1398 4596 ai
1427 4525 1550 4614 giovani
1576 4523 1608 4592 la
1635 4538 1816 4611 campagna
1844 4521 1874 4588 tn·

344 4663 455 4744 questo
479 4654 633 4742 stapione.
717 4674 724 4685 ⁸
1807 4665 1811 4670 ·
