4010 6172
1058 327 1235 399 ..p-

430 482 621 571 Quanquam
642 500 681 551 ue
699 477 829 551 libanis
857 481 985 571 quidem
1012 479 1208 572 pbilosophis
1226 483 1296 551 sine
1325 481 1388 550 ullo
1415 480 1554 572 periculo
1572 490 1667 570 atque
1689 481 1809 549 offensa
1836 496 1918 546 ver-

379 603 441 671 sari
469 598 594 674 licebat.
613 600 748 671 Tametsi
775 599 861 672 nulla
889 621 965 689 gens
993 609 1056 669 tam
1086 602 1261 670 veberucuti
1292 619 1444 672 novarum
1472 621 1577 672 rerum
1605 600 1711 670 studio
1738 597 1916 685 flagrabat,

379 730 482 790 tamen
511 719 609 798 multa
628 729 822 810 supererant,
841 739 940 809 quare
959 718 998 789 ab
1019 720 1168 789 institutis
1196 740 1233 789 ac
1260 718 1402 789 moribus
1430 720 1630 790 immutandis
1658 719 1915 788 deterrerentur.

378 841 438 911 iles
471 839 718 923 Atheniensium,
738 842 790 930 qui
808 860 850 910 ex
872 841 938 928 ipsa
957 840 1068 909 tellure
1096 841 1159 908 nati
1178 838 1368 922 terebantur,
1396 849 1460 910 tum
1482 839 1521 910 ad
1542 841 1673 909 deorum
1693 838 1810 907 cultum
1840 846 1914 906 tum
1996 875 1997 896 t

377 959 415 1029 ad
446 980 510 1028 rem
539 959 698 1050 publicam
716 981 844 1029 cursum
872 967 934 1027 taut
962 957 1164 1048 aequabilem
1193 960 1402 1042 coniecerant,
1423 969 1456 1028 ut
1474 976 1584 1028 ornnes
1606 961 1686 1027 ritae
1705 966 1807 1047 partes
1826 958 1914 1026 inte-

376 1080 457 1149 riore
477 1098 632 1149 consensu
652 1088 834 1148 tenerentur
848 1077 1090 1168 necquidquam
1112 1080 1334 1162 intermissum,
1353 1078 1539 1162 admixtum,
1557 1079 1753 1147 extrinsecus
1771 1075 1914 1144 inlatum

375 1209 551 1290 appareret.
575 1200 680 1288 ltaque
708 1199 847 1267 maxima
874 1216 946 1286 pars
974 1197 1136 1266 bominum
1166 1196 1331 1286 religiones
1359 1207 1391 1266 et
1419 1200 1567 1267 maiorum
1598 1197 1782 1266 memoriam
1808 1195 1914 1264 etiam

376 1325 440 1387 tum
468 1317 599 1388 colebat.
618 1315 763 1401 Quorum
781 1318 959 1387 urrluutatrs
977 1316 1243 1387 corrsumabautur
1272 1314 1405 1406 legibus,
1434 1314 1586 1402 moribus,
1605 1316 1703 1399 lestis,
1724 1315 1811 1396 ludis,
1842 1333 1915 1383 uec
1996 1329 1997 1378 l

377 1438 479 1506 minus
508 1436 642 1527 templis,
669 1438 778 1525 siguis,
814 1436 928 1506 tabulis
956 1439 1059 1526 pictis,
1090 1436 1206 1526 quibus
1239 1437 1293 1522 dii,
1329 1437 1449 1521 bernes,
1482 1437 1656 1506 domestica
1682 1436 1763 1504 lactu
1789 1433 1915 1503 eximia

374 1557 510 1646 quadum
539 1555 758 1646 pulcritudinis
784 1558 890 1646 specie
917 1575 1067 1645 expressa
1094 1555 1376 1627 coonsecrabautur.
1404 1555 1529 1642 Quibus
1561 1551 1762 1644 opinionibus
1791 1551 1913 1622 imbuti

375 1685 502 1746 nonest
522 1677 700 1745 mirandum
728 1676 812 1766 quod
840 1677 947 1744 omunia
974 1677 1180 1763 repudiarunt,
1209 1696 1291 1765 quae
1315 1676 1355 1746 ab
1374 1677 1529 1765 exemplis
1556 1675 1727 1765 superioris
1756 1674 1913 1762 temporis
1995 1699 1997 1772 J

374 1794 545 1865 abhorrere
572 1795 752 1864 uirlerentur
784 1803 815 1863 et
850 1794 1009 1864 invadenti
1036 1796 1254 1884 plrilosopluiae
1283 1805 1427 1886 tanquam
1462 1796 1591 1864 inlestae
1619 1794 1762 1881 pravitati
1789 1791 1910 1862 eodem
1996 1777 1997 1790 ¹

374 1915 478 1986 studio
511 1913 712 1999 obsisterent,
746 1934 807 2003 quo
842 1912 916 1982 olim
947 1934 1003 2004 pro
1029 1915 1091 1982 aris
1127 1923 1157 1982 et
1191 1915 1267 1984 locis
1297 1915 1450 1984 adversus
1484 1912 1636 1984 barbaros
1662 1913 1910 1983 dimicaverant.

373 2035 477 2120 Quam
505 2032 546 2103 ob
573 2053 639 2103 rem
666 2015 896 2104 confirmantur·
923 2033 1051 2122 quidem
1077 2052 1115 2102 ac
1143 2033 1223 2102 lente
1257 2044 1466 2125 propagantur·
1492 2054 1574 2123 quae
1608 2034 1750 2102 homines
1777 2032 1910 2122 ingenio

373 2161 568 2243 praestantes
604 2154 643 2222 de
673 2155 818 2223 uniuersa
850 2162 962 2223 natura
994 2155 1047 2222 uia
1079 2174 1115 2222 ae
1141 2155 1261 2223 ratione
1291 2153 1457 2236 docebant,
1491 2163 1523 2223 at
1557 2152 1701 2223 nondum
1724 2153 1756 2220 in
1789 2151 1909 2239 uulgus

372 2273 530 2364 prodeunt
557 2292 614 2342 nac
641 2273 799 2342 artilicum
827 2272 875 2340 uel
905 2274 1067 2361 puetarum
1097 2291 1194 2361 opera
1220 2276 1386 2360 attingunt.

420 2390 480 2461 Sed
510 2392 638 2461 ineunte
657 2390 742 2461 bello
761 2392 1036 2481 peloponnesiaco,
1057 2411 1138 2480 quae
1162 2395 1243 2460 vitae
1262 2391 1468 2482 moribusque
1491 2390 1730 2462 Atheniensium
1757 2388 1910 2460 subiecta

373 2512 507 2596 lucrant,
536 2510 620 2580 uelut
638 2532 695 2580 suo
714 2530 808 2580 cursu
838 2512 981 2581 conlecto
1000 2531 1037 2580 ac
1055 2510 1261 2580 diuturnitate
1282 2515 1430 2602 temporis
1457 2509 1619 2580 debilitata
1637 2529 1813 2591 senescere,
1841 2510 1909 2579 alia

370 2651 445 2700 vero
472 2639 645 2721 propagata
663 2632 769 2720 uigere
797 2649 1012 2720 novarumque
1033 2651 1135 2701 rerum
1157 2631 1380 2701 condicionem.
1399 2630 1596 2720 portendere.
1616 2628 1738 2698 Etenim
1767 2647 1815 2698 res
1843 2651 1908 2718 pu-

373 2749 465 2833 blica,
486 2754 537 2820 cui
555 2753 690 2841 primum
720 2734 809 2837 reges
827 2751 1038 2839 praefuerant,
1067 2751 1216 2841 paulatim
1243 2751 1412 2840 ampliores
1431 2753 1462 2819 in
1482 2751 1550 2820 dies
1568 2752 1684 2820 civium
1702 2748 1827 2819 ordines
1846 2770 1908 2836 per

373 2881 503 2942 cunctos
530 2869 684 2940 libertatis
710 2870 829 2960 gradus
855 2870 1028 2960 complexa,
1064 2883 1185 2942 mortuo
1221 2871 1347 2955 Pericle,
1375 2872 1462 2941 velut
1489 2871 1703 2941 moderatione
1739 2889 1777 2939 ac
1817 2879 1906 2938 tem-

372 2992 531 3083 peratione
566 2989 700 3074 sublata,
740 2992 773 3061 in
811 2991 1007 3082 plebeculam
1036 2994 1137 3063 cessit.
1170 2993 1336 3062 Praeterea
1363 2991 1414 3060 ubi
1444 2993 1581 3081 primum
1614 2991 1748 3062 deorum
1778 3009 1830 3060 res
1861 2991 1903 3059 ad

370 3129 572 3181 communem
600 3130 724 3179 morum
756 3130 899 3180 normam
919 3111 1018 3180 relata
1037 3110 1145 3182 liberis
1174 3112 1332 3182 mentibus
1359 3112 1495 3180 iudicari
1513 3121 1623 3202 coepta
1651 3118 1735 3192 sunt,
1763 3110 1825 3178 iam
1852 3111 1903 3178 in-

369 3236 455 3318 tegra
482 3228 561 3299 ludes
587 3248 625 3300 ac
650 3230 775 3299 sincera
800 3231 909 3318 pletas,
937 3227 1052 3317 quibus
1082 3239 1186 3300 uetera
1213 3231 1397 3320 opinionum
1424 3240 1603 3300 commenta
1628 3226 1901 3309 sustentabantur,

368 3347 469 3420 laxari
493 3367 531 3418 ac
549 3348 688 3418 delicere
714 3349 783 3418 risa
807 3359 889 3418 sunt.
918 3348 1069 3420 luteast
1097 3370 1179 3439 (quae
1207 3352 1238 3419 iu
1268 3349 1360 3420 robus
1395 3351 1516 3421 diuinis
1545 3359 1639 3438 atquc
1669 3348 1814 3417 burnonis
1840 3344 1896 3415 vel

329 3559 333 3568 s
368 3466 552 3538 obscuriora
566 3467 614 3538 uel
627 3469 708 3537 inter
725 3487 760 3538 se
775 3470 982 3558 repugnantia
998 3469 1108 3538 tradita
1128 3471 1258 3554 fueraut,
1273 3490 1310 3539 ea
1326 3473 1485 3539 incuriosa
1499 3471 1678 3539 aniruorum
1694 3466 1899 3555 simplicitate

365 3591 434 3658 sine
459 3588 524 3658 ullo
551 3587 675 3658 delectu
704 3596 881 3676 sequentes,
899 3590 931 3657 in
952 3586 1043 3657 rebus
1061 3589 1208 3674 gerendis
1237 3591 1339 3659 natira
1365 3589 1501 3678 quadam
1528 3588 1675 3658 facultate
1704 3583 1899 3674 regebantur

365 3716 396 3776 et
422 3709 549 3775 iuuenili
575 3705 689 3775 ardore
716 3709 808 3795 quasi
835 3707 942 3776 divino
969 3707 1073 3777 afflatu
1091 3708 1227 3776 instincti
1256 3707 1416 3776 literarum
1438 3710 1617 3796 artiumque
1645 3703 1798 3776 miracula
1829 3724 1900 3792 pru·

367 3824 510 3896 tulerant.
537 3825 615 3895 Tum
643 3846 716 3895 vero
743 3814 904 3895 bominum
933 3832 1052 3895 meotes
1080 3826 1205 3897 adultue
1224 3837 1255 3896 et
1273 3830 1320 3896 sui
1340 3829 1418 3898 iuris
1437 3805 1537 3898 iactae
1564 3845 1623 3896 uec
1651 3824 1759 3894 diuina
1786 3832 1897 3894 auctu·

368 3946 455 4020 ritate
494 3964 555 4015 nec
592 3945 743 4014 diuturno
779 3944 931 4035 obsequio
966 3945 1201 4031 cohibebantur,
1235 3967 1297 4036 quo
1333 3949 1439 4018 minus
1474 3948 1580 4016 «omnia
1618 3945 1660 4014 ad
1697 3943 1893 4032 religionem,

364 4064 403 4132 ad
433 4085 500 4133 rem
529 4062 699 4153 publicam,
718 4065 756 4134 ad
782 4067 935 4154 priuatam
963 4068 1054 4134 uitam
1084 4068 1273 4154 pertinentia
1301 4067 1508 4150 infirmarent,
1526 4064 1712 4148 relellercnt,
1741 4062 1894 4147 tollerent,

364 4184 464 4253 donec
492 4185 557 4284 ipsa
584 4186 685 4272 patria
712 4191 859 4275 potestas,
879 4203 942 4273 qua
960 4184 1038 4252 nibil
1063 4187 1163 4274 magis
1193 4197 1322 4256 naturae
1350 4195 1598 4256 consentaneum
1618 4185 1751 4254 inveniri
1783 4191 1893 4274 potest,

365 4305 396 4371 in
416 4302 586 4372 discrimen
608 4311 721 4372 uocata
741 4302 782 4372 ad
810 4303 969 4372 bominum
990 4306 1145 4395 cuiusque
1173 4308 1319 4376 virtutem
1349 4306 1449 4377 relata
1475 4303 1671 4389 luidonem
1697 4304 1736 4373 ad
1766 4301 1893 4372 modum

363 4421 617 4506 adolescentulis,
638 4443 733 4511 quum
755 4424 891 4512 primum
912 4423 950 4492 de
972 4424 1008 4492 iis
1029 4424 1131 4507 rebus,
1150 4445 1233 4514 quae
1254 4427 1377 4515 pueruli
1407 4427 1594 4508 didicerunt,
1613 4422 1747 4495 dubium
1765 4422 1891 4511 aliquod

363 4544 484 4611 animos
511 4543 634 4624 inuasit,
663 4561 724 4610 non
752 4541 890 4630 amplius
921 4545 1087 4631 quiescere
1115 4543 1196 4628 licet,
1222 4547 1285 4615 nisi
1316 4546 1420 4616 multis
1454 4545 1555 4615 modis
1582 4564 1631 4624 res
1659 4542 1829 4634 explanare
1854 4560 1892 4610 ac

364 4655 423 4729 sibi
445 4661 635 4750 persuadere
663 4662 766 4729 conati
800 4662 872 4746 siut,
907 4663 948 4731 ita
981 4660 1172 4733 Graecorum
1199 4672 1306 4752 gentes
1332 4665 1428 4735 simul
1463 4685 1501 4734 ac
1534 4664 1575 4734 ad
1611 4683 1715 4733 rerum
1751 4672 1891 4732 naturam

360 4779 463 4849 studia
492 4787 724 4861 converterunt,
745 4779 963 4869 compluribus
991 4782 1151 4852 doctrinae
1171 4782 1346 4854 rationibus
1365 4785 1473 4854 divina
1491 4792 1586 4873 atque
1605 4784 1747 4852 bumana
1768 4784 1891 4872 aporire

360 4897 599 4968 courtenderunt.
618 4898 678 4968 Sed
708 4900 803 4968 variis
823 4899 1081 4970 meditationibus
1109 4904 1190 4970 inter
1216 4923 1249 4972 se
1268 4903 1519 4973 dissentientium
1540 4923 1577 4973 ac
1597 4902 1799 4972 refutantium
1820 4901 1891 4991 pbi-
1991 4987 1992 4992 Ἰ

361 5017 533 5109 sophorum
562 5019 730 5108 praecipua
757 5019 909 5108 instituta,
935 5019 1052 5109 quibus
1081 5030 1147 5091 tum
1163 5023 1337 5092 bominum
1364 5024 1499 5093 societas
1525 5021 1695 5104 nitebatur,
1714 5021 1793 5090 adeo
1813 5040 1890 5089 con·
1991 5019 1992 5040 ¹

362 5157 454 5206 cussa
479 5148 558 5222 sunt,
582 5147 618 5206 ut
640 5137 715 5205 nibil
742 5136 862 5223 stabile,
890 5140 965 5209 nibil
985 5140 1109 5210 firmum
1138 5143 1326 5232 superfuerit
1344 5152 1375 5212 et
1393 5162 1467 5212 mox
1493 5143 1572 5211 ratio
1599 5140 1655 5209 illa
1680 5140 1888 5229 sophistarum

361 5258 523 5342 exstilerit,
552 5277 633 5348 quae
660 5256 736 5326 nibil
763 5257 803 5327 ad
832 5277 890 5347 res,
921 5260 1027 5328 omnia
1055 5262 1094 5330 arl
1124 5261 1281 5330 bominem
1311 5263 1449 5331 relerret.
1473 5259 1539 5345 'Qui
1567 5261 1714 5351 quoniam
1748 5259 1890 5348 quidde

357 5395 484 5466 quaque
514 5398 548 5446 re
577 5377 820 5446 existimandum
847 5387 928 5447 esset
948 5399 1007 5447 uon
1035 5365 1067 5447 iu
1097 5389 1207 5452 natura
1233 5381 1289 5449 sed
1318 5384 1348 5452 in
1376 5381 1524 5472 opinione
1551 5381 1687 5471 positum
1715 5397 1785 5450 esse
1812 5398 1889 5450 cen·
