4010 6172
760 323 961 394 45...

95 477 283 566 Demophon
305 499 333 545 v.
355 477 426 550 aaa
447 471 509 572 ιι).
538 478 627 564 Quae
654 479 832 548 animorum
860 475 1070 546 mansuetudo
1089 495 1186 564 quam
1213 477 1342 563 antiqua
1360 475 1411 559 sit,
1431 474 1622 544 documento

92 606 143 666 ost
170 593 363 686 Areopagus,
392 598 431 667 ad
461 618 555 686 quem
583 597 726 667 Dioscuri
755 595 902 668 Orestem
924 598 1057 665 mittunt.
1084 592 1132 664 Ab
1160 592 1326 684 Areopago
1353 595 1528 664 humanum
1546 593 1621 664 illud
1648 587 1651 593 ’

92 718 300 786 constitutum
328 723 384 799 est,
414 725 447 785 ιιι
473 716 601 806 paribus
630 718 792 787 sententiis
819 718 862 786 rei
892 703 1122 786 dimitterentur
1149 711 1201 786 ut.
1226 715 1322 788 1258
1353 708 1416 810 (2),
1446 721 1476 782 et
1502 714 1527 781 si
1555 714 1624 802 quis

92 837 235 905 hominis
255 836 351 906 caede
372 857 533 928 respersus
552 847 645 920 esset,
665 838 776 906 exsilio
798 836 997 924 multaretur,
1019 834 1174 926 effugiens
1188 833 1297 904 oculos
1315 835 1430 902 ciuium
1453 842 1484 902 et
1502 853 1624 916 eorum,

93 955 213 1044 quibus
242 957 388 1026 iniuriam
418 955 581 1040 intulisset,
611 977 668 1026 neo
697 967 802 1026 tamen
831 959 897 1046 ipse
926 957 1163 1038 interficeretur,
1195 973 1267 1022 nam
1289 963 1320 1024 et
1339 955 1378 1036 ei,
1397 955 1452 1042 qui
1480 954 1539 1041 ipsi
1558 955 1623 1022 vim

94 1076 264 1158 intulisset,
294 1097 348 1166 par
376 1096 477 1165 poena
504 1085 586 1146 esset
613 1075 739 1161 luenda,
769 1097 870 1166 nequo
899 1075 981 1146 ullos
1009 1085 1091 1146 esset
1117 1075 1262 1144 caedium
1290 1071 1529 1147 episcopua
1559 1065 1572 1168 ι
1599 1067 1624 1163 ).

93 1197 267 1266 Praeterea
292 1192 436 1264 Athenae
464 1203 590 1285 captum
618 1196 737 1292 hostem
766 1197 896 1266 interfici
924 1204 1039 1278 vetant,
1066 1197 1210 1283 quamvis
1240 1195 1320 1263 iusta
1341 1195 1388 1263 ira
1413 1194 1564 1262 incensus
1582 1194 1625 1262 sis¹

93 1313 218 1383 llcroci.
239 1317 323 1384 ado.
344 1315 406 1384 Neo
424 1317 491 1384 sino
512 1335 630 1384 caussa
643 1313 811 1405 Euripides
830 1317 944 1384 ueteris
964 1315 1166 1384 humanitatis
1183 1312 1375 1383 admouebat
1388 1314 1472 1381 ciues
1491 1330 1626 1399 eamque

94 1434 222 1504 laudem
252 1435 373 1523 patriae
400 1455 528 1504 servare
557 1433 739 1507 conabatur.
772 1435 891 1504 Etenim
921 1434 1005 1502 hello
1034 1434 1301 1523 peloponnesiaco
1319 1433 1416 1500 animi
1445 1452 1483 1502 ea
1512 1432 1624 1500 imma-

93 1555 193 1621 nitate
220 1554 343 1622 efferati
371 1561 470 1634 erant,
501 1563 532 1622 ut
559 1573 640 1642 quae
663 1556 762 1643 pietas
782 1574 819 1622 ae
840 1553 1036 1622 necessitudo
1056 1556 1137 1621 inter
1163 1570 1294 1639 graecas
1321 1558 1427 1638 gentes
1455 1551 1626 1638 antiquitus

95 1673 329 1742 intercessisset
357 1674 418 1742 iam
447 1673 602 1742 dissoluta
629 1674 788 1742 uideretur
816 1666 828 1758 ι
835 1667 880 1768 l).
910 1672 1020 1761 ltaque
1047 1672 1200 1741 Theseum
1223 1671 1307 1754 hdei,
1331 1669 1455 1758 pietatis
1482 1669 1625 1756 gratique

93 1794 192 1860 animi
221 1792 385 1880 exemplar
412 1795 559 1882 proponit
587 1796 618 1860 in
647 1792 784 1862 Heronio
824 1792 970 1876 Forento,
990 1811 1071 1883 quae
1089 1789 1197 1860 labrrla
1223 1811 1251 1858 a.
1276 1787 1344 1858 tto
1365 1797 1434 1858 acta
1461 1795 1517 1871 est,
1545 1795 1575 1856 at
1593 1788 1623 1856 io

92 1911 298 2000 Supplioibus
332 1933 360 1980 a.
394 1910 670 1982 truaconem
700 1910 825 2004 Creonti
861 1910 978 1980 bellum
1021 1912 1209 1980 inserentem
1243 1911 1329 1992 iacit,
1365 1907 1449 1998 quod
1484 1906 1624 1976 Thebani

93 2032 226 2100 uictoria
254 2032 326 2101 elati
355 2041 473 2121 septem
503 2033 589 2121 apud
618 2030 741 2100 Thebas
762 2031 940 2100 interlectos
960 2032 1084 2103 trudere
1104 2028 1300 2099 recusabant.
1320 2026 1381 2112 Qui
1399 2047 1500 2120 quum
1518 2027 1625 2094 hostes

93 2153 307 2242 superavisset
342 2149 529 2232 ne‚Thebas
565 2151 691 2239 quidem
726 2152 884 2238 ingressus
912 2159 968 2232 est,
995 2150 1048 2218 sed
1078 2148 1263 2238 corporibus
1291 2149 1428 2219 humatis
1456 2154 1623 2216 contentus

94 2271 162 2354 luit,
193 2279 228 2340 ut
253 2289 436 2340 communes
463 2269 653 2340 Graecorum
682 2268 769 2357 leges
796 2268 1049 2351 observarentur,
1075 2291 1103 2336 u.
1134 2269 1217 2336 dtr.

145 2391 275 2460 Praeter
303 2391 452 2458 iustitiam
482 2398 512 2458 et
540 2390 764 2458 humanitatem
795 2390 890 2457 virtus
918 2398 949 2456 et
974 2385 1115 2484 liberalis
1143 2385 1382 2456 Atheniensium
1418 2386 1551 2456 audacia
1578 2385 1619 2456 ab

96 2499 485 2597 Euripide'oeteoromm,
513 2512 565 2596 qui
596 2508 764 2596 tranquillo
792 2529 829 2577 ac
856 2527 968 2575 securo
996 2508 1060 2575 otio
1087 2507 1262 2575 certamina
1288 2514 1319 2574 et
1355 2505 1495 2594 pericula
1521 2514 1614 2576 ante-

96 2638 222 2716 ponant.
253 2629 357 2716 ltaque
385 2627 518 2698 excelsis
545 2629 658 2696 animis
686 2637 716 2696 ct
742 2628 850 2696 arduis
879 2628 1012 2715 inceptis
1040 2647 1117 2714 opes
1144 2646 1254 2694 eorum
1282 2632 1448 2713 augentur.
1477 2623 1615 2692 Timidus

96 2747 285 2836 obscurique
312 2750 364 2817 otii
393 2747 540 2817 sollicitas
567 2748 707 2818 civitates
736 2747 822 2815 nulla
848 2746 948 2835 gloria
974 2746 1116 2834 sequitur
1142 2742 1248 2836 Suppl.
1286 2745 1369 2812 aad.
1397 2739 1617 2813 Ateniensium

96 2869 232 2936 civitatis
259 2878 453 2958 praestantes
481 2868 598 2937 nlorooi
626 2877 698 2936 suut
723 2865 764 2938 H.
796 2866 829 2934 F.
861 2864 967 2946 thud,
984 2866 1046 2967 ‘qui
1075 2866 1142 2933 eius
1161 2864 1378 2952 magnitudine
1395 2863 1469 2934 elati
1488 2883 1615 2951 magnos

95 2986 155 3056 sibi
186 2989 315 3077 spiritus
342 2999 471 3057 sumunt
497 2997 527 3056 et
555 2985 672 3074 ubique
699 2987 845 3056 coluntur
878 2995 908 3056 et
945 2984 1170 3063 observantem·
1203 2985 1342 3074 potentis
1376 2984 1460 3053 enim
1494 2984 1615 3073 patriae

98 3109 185 3176 cives
216 3108 301 3196 apud
329 3119 449 3177 exteras
478 3117 587 3196 gentes
621 3106 836 3188 admirationi,
866 3103 980 3173 debilis
1020 3105 1198 3192 despicatui
1237 3111 1319 3187 suot,
1360 3102 1401 3196 fr.
1446 3100 1518 3172 795
1553 3095 1619 3199 (5)

97 3227 241 3316 lugentia
268 3229 394 3315 quidem
424 3228 625 3296 incommoda
652 3224 794 3296 Athenae
821 3245 990 3315 perpessae
1018 3232 1107 3304 suot;
1135 3243 1246 3292 uerum
1276 3222 1306 3291 id
1335 3224 1437 3312 ipsum
1467 3222 1616 3291 indicium

124 3459 163 3523 ιιι
184 3456 288 3511 Eadem
308 3454 365 3510 fere
384 3455 460 3525 apud
479 3456 556 3525 Soph
591 3456 617 3508 0.
641 3458 666 3509 d.
686 3456 746 3511 879.

131 3543 163 3606 ιιι
183 3541 239 3597 dtr.
258 3541 357 3596 Aesoh.
373 3541 449 3593 Ειιιιι.
471 3541 591 3609 praeeip.
609 3557 634 3594 u.
657 3541 715 3595 aad.

133 3629 167 3694 (31
189 3627 241 3683 Cir.
264 3627 349 3696 Soph.
371 3628 410 3679 Et.
430 3625 479 3679 th
498 3625 547 3679 ribi
568 3625 675 3680 Electra
703 3626 814 3696 qaaerit
833 3643 847 3679 a
863 3626 1097 3696 Clytaemnestra,
1116 3639 1239 3695 quianam
1253 3623 1313 3694 lege
1333 3621 1541 3694 Agamemnoni
1561 3621 1624 3675 eius

97 3729 183 3783 opera
198 3711 402 3766 intereundum
417 3717 500 3779 esset,
514 3711 598 3765 etiam
614 3713 636 3765 si
652 3711 828 3782 Iphigeniam
850 3711 1052 3779 interfecisset,
1072 3716 1185 3766 caueret
1201 3727 1238 3765 ne
1257 3726 1289 3765 ea
1309 3711 1352 3764 lex
1368 3708 1418 3780 ipsi
1433 3724 1547 3779 quoque
1561 3721 1622 3778 per-

98 3799 210 3853 niciosa
226 3798 305 3852 soret

131 3885 163 3948 ιι)
184 3885 267 3946 rinno
287 3884 335 3936 tlt
355 3900 380 3938 a.
408 3883 456 3939 tlh.
482 3901 510 3940 rr.
540 3883 741 3950 Athenienses,
768 3900 858 3952 quum
884 3901 899 3938 a
925 3883 1011 3937 sociis
1037 3882 1318 3954 poenasexpetitao
1346 3877 1485 3934 libertatis
1509 3881 1623 3933 sume‘re

98 3969 215 4036 uellent,
232 3984 330 4022 onrnes
351 3968 463 4023 nobiles
488 3968 673 4038 hlytilenaeos
693 3968 784 4037 capite
803 3968 1014 4023 damnauerunt
1032 3974 1060 4023 et
1077 3984 1179 4039 parum
1195 3966 1286 4021 abfuit
1310 3970 1353 4035 ut,
1378 3971 1494 4020 auctore
1509 3963 1623 4027 Cleone,

98 4054 192 4108 omnis
211 4063 290 4108 aetas
308 4054 442 4108 militaris
468 4055 686 4116 interliceretur,
700 4054 810 4125 reliqua
823 4053 981 4110 multitude
1000 4054 1118 4108 ueniret.
1144 4053 1241 4116 Atta
1260 4050 1483 4108 conniventibus
1502 4049 1623 4104 ducibus

97 4138 195 4192 classis
213 4138 441 4205 Atheniensium,
462 4139 573 4192 horrida
595 4139 696 4193 coedes
714 4138 857 4192 nobilium
876 4139 1092 4210 Corcyraeorum
1114 4144 1275 4209 perpetrata
1289 4147 1332 4191 est
1345 4151 1505 4210 eorumque
1520 4149 1622 4189 uxores

98 4225 263 4278 uenierunt.
284 4225 312 4278 A.
335 4225 382 4278 ιιι
406 4224 526 4279 Plataeis
552 4224 650 4294 captis,
675 4225 792 4278 ducenti
819 4227 893 4279 ciues
911 4230 940 4279 et
957 4224 1058 4294 uiginti
1078 4224 1208 4294 quinque
1231 4222 1430 4289 Athenienses,
1451 4220 1502 4292 qui
1521 4219 1621 4274 urbem

97 4312 214 4359 strenue
233 4304 430 4371 detenderant,
454 4305 562 4360 crudeli
591 4305 704 4359 scritate
728 4321 744 4358 a
771 4305 1000 4359 Lacedaemoniis
1019 4304 1154 4374 deinceps
1175 4303 1307 4375 iugulati,
1328 4302 1467 4358 mulieres
1487 4301 1518 4355 in
1537 4300 1623 4355 sarvi-

99 4399 189 4445 tutem
222 4391 352 4444 redactae
372 4401 440 4444 sunt
453 4405 484 4445 ac
499 4390 596 4460 paullo
612 4395 676 4460 post
693 4390 753 4460 ipsa
773 4389 839 4443 urbs
853 4390 956 4445 deleta.
968 4391 1050 4456 erod
1065 4395 1097 4444 ιιι
1110 4390 1300 4445 Athenienses
1313 4387 1520 4443 ulciscerentur
1532 4402 1557 4439 a.
1573 4379 1621 4439 tho

97 4475 252 4544 Aeginetas
271 4474 457 4544 necaverunt,
472 4491 545 4546 quos
558 4475 647 4530 classe
660 4477 693 4528 ad
705 4475 844 4546 Thyream
865 4485 1074 4545 oppresserant.
1095 4475 1198 4530 Eodem
1219 4490 1296 4530 anno
1315 4473 1427 4529 nobiles
1445 4473 1623 4540 Megarenses
1687 4519 1690 4534 ,

98 4578 191 4615 rerum
212 4559 297 4629 potiti
316 4569 431 4616 centum
451 4561 526 4615 cives
540 4561 815 4628 condemnaverunt,
827 4561 876 4631 qui
894 4561 977 4616 rebus
990 4559 1212 4617 Atheniensium
1228 4560 1391 4615 studebant.
1405 4558 1501 4613 Boeoti
1521 4563 1620 4611 autom
1652 4552 1659 4562 '

97 4646 319 4702 Atheniensium
343 4646 419 4715 apud
438 4646 552 4702 Delium
578 4654 776 4715 superatorum
799 4647 1002 4716 septemdecim
1023 4647 1084 4702 dies
1108 4662 1235 4716 corpora
1251 4645 1401 4700 inhumata
1428 4643 1621 4713 reliquerunt,

97 4732 188 4788 (lonec
212 4732 301 4786 ceteri
322 4731 433 4786 llelium
460 4731 653 4802 reliquissent.
675 4732 723 4786 llic
742 4732 867 4801 primum
888 4733 1060 4788 cadauerum
1081 4733 1295 4788 humandorum
1314 4729 1499 4787 condiciones
1518 4729 1622 4784 allatae

97 4823 304 4873 memorantur.
321 4817 350 4872 A.
374 4815 422 4872 Alb
440 4823 522 4887 capta
552 4817 633 4886 Melo,
654 4833 727 4887 quae
747 4816 784 4871 ita
804 4834 833 4871 se
852 4817 1027 4885 defenderat,
1048 4823 1079 4872 ut
1097 4817 1161 4873 Meli
1181 4817 1270 4873 lamas
1290 4818 1319 4870 in
1341 4815 1483 4886 proverbii
1496 4831 1619 4872 consue·

96 4903 228 4958 tudinem
249 4900 371 4966 ueniret,
385 4903 525 4973 Ιοιιριιιιοι
555 4902 731 4972 omnesqui
752 4918 830 4956 arma
855 4902 926 4957 ferre
945 4909 1088 4972 poterant,
1110 4901 1299 4959 Athenienses
1318 4901 1535 4970 interfecerunt,
1554 4900 1620 4955 reli-

95 5005 165 5060 quos
184 4986 388 5042 vendiderunt.
409 4987 466 5041 lam
487 4987 545 5041 vita
564 4995 689 5042 cesserat
707 4986 853 5058 Euripides
871 5005 961 5058 quum
981 4996 1045 5058 post
1063 4987 1171 5043 cladem
1189 4987 1262 5055 apud
1282 4989 1371 5058 Aegos
1397 4986 1551 5042 hurmena.
1572 4986 1621 5042 -lhb

96 5072 242 5144 Lysander
260 5087 325 5125 cum
354 5071 436 5128 sociis
464 5087 514 5142 per
540 5066 638 5126 iudicii
662 5071 783 5142 speciem
804 5089 905 5128 omnes
933 5072 1152 5128 Atheniensium
1175 5073 1304 5143 captiuos
1324 5072 1438 5127 necavit
1454 5077 1483 5126 et
1502 5085 1620 5140 corpora

95 5157 248 5213 inhumata
268 5157 395 5225 proiecit.
1535 5167 1538 5172 ‘

125 5244 156 5312 ι5ι
175 5243 302 5298 Tametsi
323 5243 511 5298 Athenienses
540 5244 569 5298 in
590 5243 694 5300 exteris
719 5243 884 5299 civitatibus
907 5250 1023 5312 προξένοις
1051 5244 1213 5308 utebantur,
1239 5243 1289 5316 qui
1316 5242 1376 5299 suis
1402 5242 1487 5299 rebius
1508 5241 1616 5298 tutelae

90 5319 199 5399 essent,¹
211 5333 308 5382 tamen
321 5327 482 5400 plerunque
494 5345 601 5386 nornen
620 5329 797 5386 Atheniense
817 5332 885 5384 satis
900 5336 961 5384 erat
983 5336 1016 5385 ad
1033 5327 1154 5385 iniurias
1170 5346 1202 5384 ac
1218 5330 1283 5385 lites
1296 5329 1433 5385 uitandus.
1448 5329 1502 5383 Cir.
1520 5327 1616 5384 Ulrich

87 5418 119 5470 da
131 5416 270 5484 prooemia
285 5414 366 5469 orror.
380 5414 444 5470 1825
460 5419 483 5468 et
501 5414 613 5470 Boeckh
634 5416 905 5488 Sloolrhcuahaituop
923 5416 971 5470 dor
990 5416 1105 5470 Atherrcr
1122 5417 1143 5480 I,
1158 5433 1184 5485 p.
1206 5415 1255 5484 bb,
1277 5417 1309 5483 ll,
1325 5415 1403 5487 pls.
