3986 6172
745 325 947 400 ...49-

130 473 302 547 Excelsrm
329 476 460 570 quidem
477 474 632 566 ,demonis
646 500 721 572 ergo
738 480 931 574 Antigonam
950 483 1091 558 studium
1109 489 1284 583 Sophocles
1303 493 1445 564 colorum
1464 494 1605 587 quadum

74 604 248 667 venustate
268 597 420 692 pipinis.
448 598 545 672 Cuius
573 602 674 673 amori
692 605 735 674 ita
753 606 941 693 uehementi,
962 615 996 678 ut
1014 617 1147 682 mortem
1165 607 1261 682 obeat
1281 611 1503 700 voluntariam,
1520 625 1601 688 muta

73 715 234 788 aduersus
266 725 386 809 patrem
416 719 590 812 indignatio
621 726 789 796 commista
824 734 880 809 est,
913 736 948 798 ut
975 728 1094 800 teneris
1121 749 1159 802 sc
1186 727 1310 803 blandis
1340 731 1472 806 uocibus
1499 735 1606 808 nrrllus

74 837 169 910 locus
197 838 339 927 reliquus
366 842 415 912 sit.
444 840 568 928 Quanto
597 845 806 934 praestantior·
832 847 932 937 pietas
958 843 1125 938 Antigonis
1152 870 1228 942 erga
1253 851 1381 926 tratrem
1409 852 1527 928 elucet!

130 959 293 1050 Euripidei
322 962 439 1033 amoris
460 961 578 1053 duplex
606 965 686 1037 ratio
711 975 767 1036 est.
796 965 937 1038 Primum
964 971 1047 1040 enim
1075 977 1123 1041 est
1148 972 1298 1044 universa
1325 972 1386 1059 lor,
1403 993 1469 1067 qua
1497 976 1606 1048 omnia

77 1082 226 1152 oriuntur
253 1091 346 1172 atque
373 1093 542 1175 augentur..
565 1083 668 1171 Quem
694 1086 735 1158 ad
762 1088 889 1158 modum
917 1089 1041 1160 coelum
1069 1110 1177 1162 umore
1196 1091 1375 1182 porontsnm
1394 1113 1435 1165 ex
1467 1094 1606 1170 nubibus

77 1201 112 1269 in
150 1199 293 1272 tellurem
332 1203 506 1275 effunditur
537 1224 640 1276 rerum
670 1206 791 1278 semina
824 1207 985 1294 inliciens,
1013 1210 1056 1280 ιιι
1089 1212 1196 1282 omnia
1234 1214 1406 1284 animantia
1432 1216 1545 1290 eadem
1573 1220 1604 1288 vi

75 1330 236 1391 commota
263 1321 326 1392 alia
351 1323 390 1394 ad
419 1324 481 1394 ulia
508 1324 674 1396 trabuntur
697 1324 741 1419 [r.
769 1327 852 1399 830.
880 1325 970 1414 Quae
1000 1329 1167 1402 verisimile
1194 1339 1243 1402 est
1267 1331 1451 1423 Euripidem
1470 1355 1510 1406 ex
1529 1338 1600 1428 pbi-

75 1440 241 1527 losopbiae
268 1445 443 1531 praeceptis
468 1443 681 1533 depromsisso
713 1465 751 1516 ac
789 1448 910 1536 poetico
944 1447 1050 1520 colore
1078 1459 1189 1522 ornata
1214 1450 1371 1524 Venerem
1402 1455 1604 1545 praedicasse
1657 1513 1661 1521 .

77 1560 259 1632 vehementi
297 1564 369 1633 llatu
403 1565 510 1634 omnia
547 1565 761 1655 adspiranlsm
794 1555 888 1660 alque
917 1569 987 1657 apis
1014 1570 1074 1641 ritu
1103 1570 1295 1666 volitantem,
1322 1571 1417 1666 Hrpp.
1447 1577 1539 1662 5633
1565 1597 1604 1648 ec

5 1671 12 1674 ’
76 1701 106 1749 u.
139 1677 220 1751 tlt.

501 1816 592 1903 φοιτᾷ
612 1813 675 1880 t'so
697 1815 801 1900 statp’,
824 1815 886 1891 ἔστι
907 1817 967 1882 ιἰν
988 1819 1144 1902 θαλασσίῳ

501 1933 624 2000 κλύδωνι
646 1937 761 2020 Κύπρις,
784 1936 879 2004 πάντα
900 1937 960 2004 δ’ίκ
981 1938 1087 2014 ταύτης
1108 1942 1172 2028 ἔφυ.

500 2055 545 2118 ttt’
560 2053 636 2120 ἔστιν
657 2057 675 2119 ιι
697 2057 846 2141 σπείρουσα
867 2057 917 2122 ααί
936 2057 1038 2123 διδοῦα’
1051 2057 1110 2142 ἔρον

502 2174 534 2238 οῦ
554 2175 660 2250 πάντες
680 2176 766 2254 ίσμέν
786 2177 810 2241 ol
833 2175 909 2242 κατίι
929 2176 1141 2262 χθόν’ίκγσνσι
1164 2179 1204 2265 (l)

126 2351 225 2426 dmor
251 2356 485 2446 potentissimus
511 2365 560 2425 est
585 2356 727 2438 deorum,
769 2356 820 2425 oui
848 2354 900 2425 alii
929 2354 970 2427 dii
1000 2366 1031 2428 et
1064 2357 1132 2449 ipse
1165 2356 1285 2450 iupiter
1310 2377 1421 2449 parere
1448 2368 1604 2448 cogantur

68 2473 114 2566 [r.
148 2472 230 2560 434,
258 2473 314 2544 cir.
342 2471 438 2567 Hipp.
477 2471 557 2546 463.
589 2474 708 2565 Desipit
735 2477 819 2545 omni
847 2476 1018 2546 venustatis
1045 2495 1139 2546 sensu
1180 2476 1344 2546 destitutus
1371 2479 1425 2568 qui
1452 2477 1601 2550 Amorem

73 2614 226 2683 magnum
255 2614 373 2664 numen
405 2580 618 2684 omnibusque
645 2594 705 2663 diis
732 2602 896 2685 praestans
923 2615 994 2665 essa
1020 2615 1089 2666 non
1110 2596 1219 2665 credat
1252 2593 1295 2688 fr.
1331 2593 1398 2668 274
1433 2590 1496 2695 (2).
1523 2598 1600 2669 Earn
1719 2685 1722 2692 ¹

70 2723 206 2784 naturae
234 2713 337 2802 legem
365 2733 426 2783 non
458 2714 531 2784 lieet
559 2713 743 2785 mortalibus
771 2719 967 2796 detrectare;
994 2716 1019 2784 si
1048 2713 1206 2786 obstiteris
1233 2714 1450 2786 rebemeutius
1477 2727 1600 2808 premet

67 2834 115 2927 (r.
135 2833 225 2916 668;
253 2852 316 2904 non
339 2834 518 2923 ,pugnando
546 2834 600 2904 sed
628 2834 770 2905 cedendo
808 2835 985 2924 mitigatum
1019 2833 1238 2906 vehementior
1265 2835 1300 2904 lit
1327 2837 1359 2904 ri
1387 2843 1418 2907 et
1448 2833 1531 2907 bella
1559 2856 1597 2907 ac

70 2951 226 3024 turnultus
254 2972 385 3023 movens
415 2953 523 3023 domos
551 2953 651 3043 perdit
676 2949 718 3044 fr.
747 2951 830 3023 ult.
852 2953 972 3023 inertes
988 2972 1025 3024 ac
1043 2950 1193 3024 desidiosi
1214 2953 1309 3024 animi
1331 2973 1441 3026 amore
1458 2956 1599 3045 graviter

71 3074 223 3146 commoti
258 3073 394 3142 artificia
425 3091 463 3142 eo
497 3073 587 3142 dolos
625 3073 760 3142 discunt.
805 3070 888 3158 Quid
926 3073 1019 3161 igitur
1057 3073 1273 3145 custodientur
1305 3087 1448 3146 amantes
1482 3073 1598 3146 adole·

69 3195 221 3278 scentuli,
248 3212 345 3282 quum
374 3191 423 3262 vel
452 3194 539 3263 tarda
568 3193 695 3280 ingenia
720 3212 828 3262 amore
855 3190 972 3262 callida
1006 3193 1109 3262 danti
1139 3191 1182 3286 fr.
1212 3193 1294 3268 462.
1328 3191 1593 3280 Quamobrem

69 3313 172 3384 nolint
198 3320 346 3402 parentes
372 3311 534 3383 amoribus
559 3309 730 3383 liberorum
752 3313 814 3382 nim
833 3311 994 3396 adbibere,
1020 3319 1052 3380 at
1070 3314 1273 3384 meminerint
1289 3303 1324 3383 se
1343 3333 1471 3405 quoque
1488 3313 1598 3386 adole-

70 3441 198 3504 scentes
226 3430 322 3502 iuisse
346 3428 389 3524 [r.
418 3429 503 3503 645.
530 3429 599 3500 llac
626 3451 733 3501 rerum
761 3442 937 3501 creatarum
964 3430 1036 3518 lege
1061 3431 1158 3500 aninri
1184 3433 1318 3520 graviter
1336 3431 1473 3522 perculsi
1493 3433 1595 3504 extol-

69 3553 191 3636 luntur,
217 3571 316 3640 quare
343 3549 513 3641 Euripides
545 3548 760 3620 blandissimis
793 3548 897 3620 verbis
927 3551 1113 3619 suavitaiem
1154 3552 1223 3640 puri
1259 3553 1376 3621 amoris
1414 3552 1591 3642 siguidcal3

69 3692 186 3764 parum
220 3670 348 3760 quidem
382 3670 524 3740 diversus
556 3668 597 3739 ab
628 3669 698 3739 aliis
734 3671 833 3761 poetis
874 3668 928 3739 ubi
969 3669 1092 3739 animes
1124 3671 1233 3739 anxios
1260 3669 1309 3740 vel
1354 3670 1503 3778 sollicitos
1546 3673 1599 3744 vel

69 3791 233 3881 voluptate
260 3791 429 3879 gestientes
456 3790 549 3874 iuuit,
575 3787 629 3858 ubi
657 3790 701 3858 ait
728 3789 759 3858 in
789 3787 945 3858 mentibus
972 3809 992 3857 a
1017 3787 1113 3858 llusis
1132 3786 1242 3858 alienis
1261 3790 1435 3861 carminum
1454 3792 1595 3863 studium

70 3932 183 3985 amore
202 3913 329 3982 excitari
353 3909 396 4003 fr.
430 3911 513 3980 666.
544 3910 698 3980 Venerem
717 3909 886 3980 iucundam
909 3907 1118 4000 eamdemque
1145 3928 1274 3998 gravem
1301 3908 1441 4000 appellat
1463 3909 1506 4012 fr.
1524 3912 1595 3983 867

71 4044 140 4103 tum
160 4008 392 4122 inexplicabilis
410 4030 518 4118 gaudii
535 4040 602 4100 turn
622 4028 827 4118 aegritudinis
846 4028 1036 4098 effectricem
1052 4025 1148 4121 Hlprp.
1168 4025 1250 4112 3l'l,
1272 4028 1315 4123 fr.
1336 4030 1394 4102 26.
1413 4028 1454 4102 Al
1469 4030 1598 4103 videtur

70 4174 171 4245 supra
196 4169 305 4222 cunnos
331 4149 436 4220 extolli
467 4148 530 4236 ulti=
546 4150 689 4230 affirmat,
721 4149 834 4219 mulier
864 4149 970 4237 quanti
997 4144 1141 4217 habenda
1164 4149 1204 4217 sit
1230 4149 1270 4218 ad
1298 4151 1440 4222 animum
1465 4171 1528 4220 non
1555 4151 1594 4220 ad

71 4293 192 4363 corpus
220 4270 438 4354 referendum,
466 4270 618 4360 parvique
645 4267 823 4338 ducendam
852 4268 985 4336 sormam
1013 4265 1068 4338 ubi
1096 4269 1222 4338 animus
1249 4267 1386 4362 desillr.
1407 4271 1491 4367 2ιι,
1510 4271 1595 4356 552,

71 4415 110 4465 ac
139 4401 204 4461 turn
234 4390 407 4482 perlectam
433 4409 505 4460 esse
533 4388 781 4471 iuurtnditstem,
809 4391 834 4457 si
863 4387 959 4476 digna
986 4389 1025 4456 sit
1051 4407 1133 4477 quae
1173 4386 1325 4477 diligatur
1355 4386 1396 4483 fr.
1431 4389 1515 4460 440.
1543 4390 1600 4460 Est

13 4503 16 4510 ’
71 4514 159 4583 enim
186 4511 384 4599 incorruptus
411 4528 511 4594 amor,
537 4509 590 4598 qui
618 4527 637 4576 a
663 4506 809 4577 sensibus
838 4514 976 4576 remotus
1009 4506 1050 4576 ad
1090 4507 1276 4596 sapientiam
1313 4510 1410 4579 ducat
1432 4505 1476 4600 [ι.
1505 4505 1597 4590 676;

71 4652 164 4702 amor
189 4629 260 4699 iusti
288 4629 481 4718 ingenuique
510 4629 606 4698 animi
635 4628 755 4695 utinam
783 4635 866 4694 esset
893 4625 1119 4697 universales
1146 4635 1177 4697 ot
1202 4625 1352 4716 neglectis
1378 4625 1592 4720 voluptatibus

71 4752 212 4842 optimus
230 4750 362 4840 quisque
381 4747 556 4818 amaretur!
583 4745 625 4840 [r.
658 4747 730 4818 382

499 4885 643 4962 παίδευμα
664 4885 789 4968 δ’Ἔρως
810 4883 911 4971 σοφίας
933 4886 1037 4966 ἀρετῆς

500 4991 628 5052 πλεῖστον
649 4986 786 5071 ὑπάρχει,

107 5178 142 5246 (lt
161 5177 269 5234 Horum
288 5192 424 5233 versuum
441 5193 499 5234 non
525 5178 725 5234 immemorem
754 5175 844 5232 fuisse
870 5177 991 5236 arbitror
1009 5177 1040 5234 T.
1062 5176 1227 5234 Lucretium
1246 5177 1383 5235 Venerem
1406 5171 1598 5244 nobilissimis

73 5263 206 5318 uersibus
225 5262 410 5320 invocantem
430 5265 457 5318 ll.
477 5263 512 5319 N.
533 5263 557 5332 ι,
578 5265 601 5333 ι,
620 5277 681 5334 sqq.
760 5253 765 5262 '

107 5347 141 5418 (2)
159 5347 331 5406 Universum
357 5349 462 5406 amoris
485 5348 640 5422 imperium
659 5363 674 5403 a
693 5348 836 5420 Sophocle
860 5364 977 5421 quoque
995 5347 1178 5420 praedicetur
1197 5350 1260 5405 Ant.
1279 5348 1339 5417 784,
1358 5349 1451 5404 diesin
1467 5341 1597 5404 illitos

73 5429 208 5491 imitetur
226 5431 306 5491 Ouid.
324 5433 386 5490 Her.
405 5432 431 5504 4,
451 5433 495 5491 ιιι
513 5437 616 5506 regnat
632 5438 664 5490 et
681 5432 711 5490 in
730 5433 863 5494 dominos
881 5434 928 5493 ius
947 5432 1036 5492 habet
1053 5432 1102 5490 ille
1119 5431 1200 5492 deus.

1410 5547 1428 5614 ἴ
