4010 6172
1021 289 1216 360 ..110-

353 448 515 518 cerdotum
549 447 645 517 tutela
676 443 832 516 liberaret.
865 445 902 516 Et
933 444 996 515 ulia
1029 443 1138 514 eodem
1167 453 1327 534 spectant,
1365 464 1413 513 ac.
1442 465 1469 512 r.
1497 466 1528 538 g.
1557 427 1702 532 negabat,
1740 444 1767 514 si
1806 444 1882 538 quis

354 569 483 638 caedem
511 568 603 638 alicui
633 565 802 650 intulisset,
828 565 877 635 vel
906 567 973 634 sine
994 585 1077 634 norm
1097 565 1254 654 impurum
1275 561 1457 634 babendum
1477 563 1577 634 donec
1595 564 1716 634 lacinus
1738 566 1883 654 expiaret

353 685 392 758 H.
421 687 461 759 F.
490 684 601 770 1230,
633 685 742 757 1000.
769 683 837 776 lpl.
872 687 903 756 l.
932 686 1015 771 380,
1044 703 1102 754 nec
1130 682 1277 754 mulieres
1304 685 1403 753 sacris
1431 684 1576 753 addictas
1596 703 1615 752 a
1632 686 1747 774 nuptiis
1769 685 1882 774 probi-

352 805 475 877 bendas
503 815 612 877 censet
635 804 677 898 [r.
708 807 792 875 208.

406 927 522 996 Verum
551 925 726 1017 Euripides,
754 946 854 1016 quum
886 926 1063 994 divinarum
1091 945 1197 994 rerum
1228 934 1397 1013 certaeque
1428 925 1499 994 fidei
1533 925 1752 996 anctoritatem
1785 943 1880 1016 repu-

353 1047 480 1131 diasset,
504 1067 562 1116 non
591 1047 684 1116 modo
713 1065 772 1114 non
801 1043 918 1113 abiecit
945 1045 997 1112 sed
1018 1046 1114 1114 multo
1142 1047 1273 1114 interius
1292 1064 1330 1112 ae
1359 1045 1480 1114 firmins
1499 1046 1604 1114 animo
1624 1044 1809 1136 complexus
1828 1055 1879 1116 est

354 1167 512 1266 notionem
540 1166 623 1234 illam
650 1175 796 1235 aeternae
823 1157 919 1253 etque
948 1163 1152 1234 inexorabilis
1180 1165 1319 1233 iustitiae
1349 1162 1509 1254 improbos
1540 1167 1769 1256 persequentis,
1795 1187 1879 1256 quae

354 1287 458 1354 innata
484 1285 619 1376 quadam
646 1285 830 1352 necessitate
857 1291 925 1352 orta
952 1284 1093 1352 omnium
1126 1282 1319 1352 Graecorum
1351 1285 1528 1353 eommunis
1561 1285 1629 1354 luit.
1663 1285 1729 1356 Non
1762 1285 1879 1357 desunt

354 1405 482 1494 quidem
510 1405 580 1491 loci,
607 1403 722 1495 quibus
749 1402 905 1472 iustitiam
934 1403 1089 1472 scelerum
1109 1403 1298 1472 incuriosam
1316 1423 1354 1472 ac
1374 1403 1602 1491 neglegentem,
1630 1405 1742 1495 impios
1770 1409 1877 1498 impu·

355 1525 447 1594 nitate
474 1524 644 1614 gestientes
669 1531 820 1614 queratur
848 1519 960 1590 Pboou.
992 1523 1099 1592 1726.
1121 1520 1159 1591 10
1175 1523 1252 1612 quid
1279 1521 1445 1612 Euripides
1464 1524 1503 1593 de
1522 1524 1640 1594 institia
1667 1527 1796 1596 sentiret
1815 1547 1878 1596 non

354 1665 394 1714 ex
423 1645 460 1712 iis
496 1643 628 1713 vocibus
661 1641 872 1730 colligendum
907 1650 990 1730 puto,
1026 1643 1055 1710 in
1088 1661 1167 1730 quas
1199 1645 1294 1710 animi
1326 1641 1434 1711 dolore
1466 1645 1673 1714 uehementer
1703 1649 1878 1717 excruciati
1999 1641 2000 1692 ¹

260 1759 265 1766 ’
353 1763 565 1834 effunduntur.
587 1757 729 1851 Vulgaris
755 1763 857 1851 opinio
887 1763 943 1830 tuit
968 1762 1051 1851 apud
1079 1759 1215 1831 Graecos
1240 1761 1349 1832 Dicam
1378 1782 1441 1832 uon
1469 1765 1596 1854 propria
1622 1767 1653 1833 ni
1680 1785 1738 1835 sua
1765 1768 1879 1858 suique

353 1882 477 1953 arbitrii
496 1883 552 1952 sed
571 1883 701 1952 deorum
721 1891 813 1970 alque
836 1883 866 1950 in
888 1884 997 1972 primis
1019 1882 1100 1950 loris
1119 1901 1188 1951 esse
1208 1882 1365 1988 iustitiam
1391 1883 1499 1953 diuina
1518 1885 1619 1972 figura
1650 1886 1790 1958 indutam
1812 1882 1825 1984 (
1852 1882 1877 1986 1.

354 2002 445 2090 Quod
472 2003 561 2072 etin
596 2001 715 2090 sabulis
743 2003 916 2092 euripideis
954 2003 1124 2071 identidem
1155 2004 1302 2070 occurrit.
1336 2002 1386 2071 dit
1417 2005 1500 2073 enirn
1536 2005 1644 2076 [ticam
1673 2005 1745 2076 love
1773 2017 1878 2080 natam

355 2142 450 2213 prope
478 2122 657 2191 mortalium
685 2122 823 2191 facinora
849 2121 989 2191 babitare
1015 2119 1056 2213 fr.
1088 2120 1174 2202 150;
1202 2121 1336 2190 eandem
1365 2124 1538 2193 ministram
1566 2123 1697 2195 deorum
1725 2127 1874 2216 appellat,

354 2262 432 2332 quos
445 2242 559 2310 trustra
576 2249 604 2310 te
618 2240 793 2338 quidquam
808 2242 984 2330 celaturum
999 2261 1117 2329 speres.
1129 2240 1254 2310 Etenim
1268 2241 1345 2310 llice
1361 2264 1423 2313 non
1436 2243 1544 2334 procul
1564 2254 1612 2314 est
1629 2243 1670 2315 ab
1683 2246 1878 2334 bominibus,

355 2362 437 2430 videt
453 2363 554 2431 invisa
580 2381 619 2430 ac
638 2358 735 2450 probe
753 2363 838 2429 novit
856 2361 984 2449 quinam
1005 2360 1155 2450 puniendi
1182 2361 1252 2429 sint.
1269 2361 1313 2430 Tu
1335 2382 1410 2431 vero
1430 2363 1557 2452 ignoras
1584 2367 1707 2456 qnando
1736 2369 1878 2439 futurum

353 2482 393 2549 sit
410 2489 445 2550 ut
459 2482 628 2570 improvisa
648 2481 687 2549 ad
703 2461 1028 2549 scelerauloiscenda
1046 2481 1246 2569 superveniet
1260 2478 1303 2570 fr.
1319 2480 1404 2555 257.
1428 2481 1558 2552 Lentum
1577 2487 1704 2574 quidem
1722 2487 1879 2559 interdum

355 2620 474 2669 numen
503 2599 644 2682 deornm,
664 2599 719 2669 sed
740 2598 961 2668 nibilominus
981 2607 1029 2667 est
1048 2601 1184 2669 iustitiae
1202 2609 1286 2669 certa
1312 2601 1373 2686 len,
1401 2623 1496 2692 quum
1522 2605 1623 2674 serius
1642 2607 1729 2676 ocius
1748 2609 1882 2678 ellectus

355 2729 567 2809 consequatur
592 2716 704 2788 Boccl.
734 2720 818 2803 882,
843 2718 885 2812 [ν.
915 2719 998 2792 832.
1020 2720 1112 2788 Sucia
1138 2729 1245 2789 autem
1273 2723 1408 2792 iustitiae
1427 2726 1578 2816 temporis
1599 2727 1800 2813 diuturnitas,
1818 2750 1882 2818 qua

358 2841 464 2910 omnia
491 2841 522 2908 in
549 2838 653 2909 lucem
682 2841 885 2928 proferuntur
902 2838 1025 2928 etquid
1047 2859 1155 2908 verum
1177 2839 1251 2928 quid
1271 2840 1384 2910 falsum
1411 2845 1452 2912 sit
1469 2845 1612 2931 arguitur
1628 2843 1671 2937 fr.
1703 2844 1785 2932 000,
1807 2851 1881 2918 559

355 2957 423 3052 (cfr.
452 2958 546 3049 Soplr.
564 2958 609 3028 di.
639 2951 727 3055 oto)
752 2967 784 3028 et
811 2958 932 3049 speculi
953 2959 1013 3027 ritu
1030 2950 1212 3048 ¹imaginem
1233 2960 1358 3051 puellae
1377 2964 1575 3050 relleetentis,
1597 2969 1707 3054 noxios
1728 2963 1876 3057 patefacit

353 3077 448 3172 Hipp.
480 3077 561 3150 028.
591 3079 701 3167 ltaque
728 3057 850 3147 nullum
878 3078 1069 3148 maleficium
1096 3079 1148 3148 diu
1178 3078 1275 3150 latere
1302 3090 1403 3171 potest
1433 3081 1476 3175 [r.
1507 3083 1588 3153 509.
1617 3085 1717 3157 Nolite
1744 3089 1877 3159 credere

352 3199 526 3289 quidquem
552 3218 621 3268 esse
649 3200 774 3267 firmum
803 3217 841 3268 ac
862 3199 972 3267 stabile
993 3200 1024 3267 in
1052 3201 1201 3289 progenie
1220 3221 1257 3298 ac
1276 3200 1373 3271 robus
1399 3204 1632 3294 improborum3
1654 3207 1772 3276 malitia
1790 3211 1875 3280 enirn

352 3319 521 3408 aliquando
541 3319 696 3409 patefacta
715 3319 869 3408 punietur.
891 3313 961 3387 Unu'
976 3318 1085 3387 salutis
1103 3339 1174 3409 spes
1194 3322 1223 3389 in
1244 3321 1361 3414 iustitia
1379 3332 1441 3406 est;
1462 3344 1554 3393 neruo
1572 3327 1707 3400 iniustus
1734 3350 1875 3420 unquam

352 3438 427 3508 felix
454 3439 511 3507 luit
536 3435 604 3506 Hel.
640 3440 749 3507 t030.
781 3438 869 3507 luste
900 3437 949 3507 vel
979 3458 1077 3527 pauca
1111 3438 1227 3509 babere
1256 3453 1413 3530 praestat;
1439 3446 1556 3513 etenim
1584 3447 1640 3535 qui
1668 3468 1779 3538 magua
1814 3454 1874 3524 sibi

354 3560 467 3628 iniuste
484 3578 595 3646 parare
615 3558 689 3627 velit
707 3557 817 3626 similis
834 3560 875 3627 sit
895 3560 1085 3641 mercatoris,
1101 3561 1154 3649 qui
1170 3561 1287 3630 maiora
1302 3583 1456 3652 quaerens
1475 3567 1581 3634 omnia
1600 3567 1712 3656 perdat
1727 3566 1769 3660 fr.
1793 3573 1856 3646 020
1867 3629 1875 3644 ,

352 3677 420 3747 Una
451 3677 569 3746 iustitia
601 3678 691 3746 firma
724 3687 771 3747 est
802 3687 833 3746 et
865 3681 981 3768 exigno
1013 3679 1165 3746 iustorum
1200 3703 1309 3752 manus
1341 3683 1448 3753 multis
1482 3684 1632 3775 improbis
1664 3687 1800 3760 validior
1831 3704 1877 3762 est

350 3795 392 3889 fr.
420 3795 503 3882 206,
532 3797 627 3866 immo
657 3818 729 3866 vero
759 3819 839 3866 unus
867 3799 967 3866 iustus
996 3801 1043 3866 vir
1073 3799 1132 3868 deo
1165 3821 1203 3870 ae
1235 3803 1370 3872 iustistia
1401 3805 1500 3874 fretus
1534 3806 1686 3875 infinitam
1719 3803 1872 3881 malornm

352 3915 584 3986 multitudinem
613 3927 739 4006 superat
763 3916 806 4009 fr.
836 3919 917 4003 588.
947 3919 1056 4008 Neque
1083 3919 1137 3989 nbi
1166 3921 1357 3991 maleficium
1390 3927 1558 4014 patraveris
1585 3949 1694 4018 speres
1721 3933 1874 4014 loturum,

352 4047 386 4105 nt
412 4035 476 4105 ullo
503 4037 634 4105 artificio
662 4036 709 4105 rel
746 4037 920 4127 torquendo
948 4059 985 4108 ac
1014 4041 1165 4109 volvendo
1193 4045 1368 4131 corrigatur
1392 4042 1435 4136 fr.
1467 4045 1550 4115 807.
1580 4048 1714 4119 Videsne
1741 4051 1875 4142 aliquem

352 4154 472 4224 divitiis
505 4156 552 4224 vel
588 4155 751 4226 nobilitate
779 4159 906 4245 generis
942 4158 1085 4228 elatum?
1114 4163 1176 4229 iam
1205 4163 1296 4230 instat
1331 4184 1433 4252 poena
1458 4163 1499 4257 fr.
1533 4169 1641 4240 1027.
1669 4171 1702 4238 81
1729 4173 1800 4259 quis
1830 4174 1877 4240 ins

353 4284 447 4364 atque
467 4275 612 4344 iniuriam
638 4277 831 4365 permiscens
850 4278 984 4347 bonores
1003 4280 1192 4370 divitiasque
1212 4282 1408 4372 arlpetirerit,
1435 4286 1460 4352 si
1489 4287 1559 4375 quis
1580 4287 1744 4359 maleficiis
1772 4290 1876 4360 delec-

353 4403 433 4463 tatus
460 4395 564 4480 fuerit,
593 4415 709 4484 poenas
737 4396 819 4485 luet;
850 4398 882 4466 id
917 4398 998 4467 enim
1036 4398 1302 4472 oblectamentum
1337 4414 1393 4490 est,
1420 4425 1458 4476 en
1481 4427 1559 4497 quo
1592 4405 1725 4478 acerbos
1760 4411 1876 4480 fructus

351 4516 470 4604 percipi
500 4534 629 4584 necesse
655 4516 696 4583 sit
719 4515 760 4607 fr.
791 4515 898 4600 1075,
928 4517 981 4586 Or.
1012 4517 1092 4604 013,
1120 4519 1159 4588 H.
1190 4521 1223 4590 F.
1253 4524 1335 4607 735,
1364 4522 1405 4616 [ν.
1439 4524 1521 4598 023.

401 4633 487 4704 llaec
515 4634 660 4704 universa
688 4635 748 4719 len,
768 4656 832 4726 qua
851 4636 938 4728 paria
957 4639 1086 4728 paribus
1105 4640 1293 4726 reseruntur,
1314 4664 1375 4712 non
1399 4648 1491 4715 nnius
1511 4649 1621 4718 aetatis
1642 4647 1757 4720 linibus
1777 4652 1876 4722 conti-

351 4762 452 4837 netur,
487 4753 543 4822 sed
571 4762 602 4822 et
629 4753 720 4823 liberi
748 4764 914 4845 parentum
945 4767 976 4827 et
1004 4769 1131 4849 nepotes
1166 4762 1323 4831 maiorum
1351 4767 1487 4853 peccatis
1515 4765 1694 4856 plectuntur
1724 4767 1766 4862 [ν.
1797 4771 1877 4856 970,

351 4869 444 4964 Hrpp.
474 4871 581 4940 1379.
610 4873 702 4958 Quod
722 4895 820 4964 quum
846 4877 952 4947 multis
970 4877 1110 4970 partibus
1138 4889 1269 4952 naturae
1291 4881 1540 4956 consentaneum
1561 4896 1618 4974 est,
1640 4896 1760 4960 tumeo
1781 4893 1879 4980 magis

386 5221 422 5288 tl)
441 5217 586 5293 Naegelsh.
611 5221 633 5291 l,
650 5221 740 5278 18-27.
753 5223 938 5296 Tragicorum
956 5221 1009 5284 loci
1030 5223 1176 5300 praecipui
1194 5229 1229 5286 de
1249 5227 1312 5288 lliea
1331 5241 1416 5290 sunt:
1435 5235 1535 5291 nosch.
1557 5243 1651 5306 Apum.
1666 5236 1726 5306 250,
1745 5237 1805 5306 987,
1820 5237 1877 5306 750,

353 5303 431 5375 1563ς
452 5307 563 5378 coneptu.
591 5306 632 5376 61,
651 5307 709 5375 309,
727 5309 786 5378 000,
808 5310 992 5384 totumppt.
1010 5313 1068 5380 302,
1087 5315 1144 5382 031,
1163 5316 1220 5372 739.
1241 5318 1375 5390 Sophocl.
1396 5322 1433 5374 ut.
1458 5320 1530 5392 1026,
1545 5322 1610 5377 ud.
1622 5323 1687 5392 ¹280,
1704 5323 1780 5388 1381,
1796 5323 1857 5379 list

351 5395 414 5448 Ant.
427 5389 485 5463 303,
504 5392 563 5450 850.
577 5390 679 5450 dunler
697 5403 842 5466 praeterea
861 5397 960 5455 Solon.
977 5393 1056 5474 10,15’,
1074 5401 1203 5472 uneogn.
1219 5403 1277 5460 205.
