4010 6172
1034 357 1236 430 ..33-

370 519 496 587 nienses
523 514 652 586 sordido
678 533 716 586 ac
742 516 859 585 misero
886 511 990 584 studio
1017 513 1186 604 pecuniam
1214 511 1420 604 quaerebant,
1448 511 1503 584 sod
1531 529 1629 602 quurn
1657 507 1697 579 ad
1714 509 1903 599 voluptates

369 646 434 706 turn
461 637 501 706 36
528 638 623 707 animi
649 637 791 706 sinceras
819 632 1046 705 oblectationes
1074 633 1309 705 conuertebant.
1336 632 1439 720 Quam
1469 631 1509 702 ob
1536 651 1603 700 reru
1629 625 1828 702 Graecorum
1848 630 1907 700 in-

368 755 524 826 satiabilis
559 757 715 847 cupiditas
743 757 810 826 auri
838 755 1022 844 argentique
1041 755 1116 846 ip'sis
1134 753 1263 843 quidem
1285 753 1444 836 dedecori,
1463 751 1518 822 sed
1538 750 1577 823 ad
1598 771 1702 822 rerum
1722 751 1907 822 doctrinam

368 895 522 945 conversa
557 877 704 946 universo
740 876 898 945 bominum
933 875 1042 963 generi
1082 874 1165 944 baud
1203 895 1302 966 paruo
1329 874 1545 982 emolumento
1578 873 1689 945 euasit.
1716 871 1753 941 ln
1780 871 1904 961 primis

369 1000 536 1093 Euripides
566 1005 709 1094 queritur
740 1002 824 1091 quod
859 1002 987 1072 divitiae
1022 1004 1166 1072 omnium
1200 1003 1469 1072 existimationem
1502 1001 1560 1072 sibi
1594 1000 1774 1088 concilient,
1798 1018 1905 1088 quare

269 1189 271 1194 .
371 1142 465 1192 nemo
492 1143 553 1191 non
581 1125 648 1192 auri
676 1122 825 1191 aviditate
851 1122 986 1200 1333133
1014 1143 1076 1211 quo
1102 1123 1187 1191 enirn
1216 1124 1350 1211 quisque
1378 1121 1481 1206 ditior,
1502 1141 1541 1193 eo
1560 1122 1730 1214 sapientior
1744 1116 1907 1188 babeatur

369 1239 408 1336 (r.
438 1242 523 1323 58t;
551 1241 663 1331 vulgus
690 1251 797 1311 autern
825 1261 982 1332 pauperes
1014 1240 1180 1331 loquentes
1216 1241 1355 1327 irrident,
1384 1246 1438 1334 qui
1467 1262 1560 1331 saepe
1588 1239 1740 1311 divitibus
1767 1239 1904 1329 sapien-

372 1361 465 1429 tiores
492 1361 555 1430 sint
578 1359 621 1453 [r.
652 1361 734 1434 369.
764 1360 875 1450 ltaque
903 1379 995 1429 nemo
1022 1370 1069 1429 est
1095 1362 1148 1449 qni
1178 1358 1337 1431 illecebris
1363 1361 1433 1431 antri
1454 1359 1606 1431 obsistere
1625 1359 1729 1428 valeat
1745 1356 1788 1450 [r.
1812 1357 1904 1428 367.

371 1477 552 1570 opulentia,
585 1481 653 1570 ipsa
691 1498 798 1564 caeca,
837 1488 959 1549 mentes
992 1477 1146 1550 obcaecat
1176 1477 1217 1572 fr.
1255 1481 1338 1552 773.
1375 1476 1497 1549 burum
1533 1480 1702 1552 multotum
1739 1475 1902 1546 malorum

371 1619 483 1669 caussa
510 1607 557 1670 est
578 1597 774 1679 ¹mortalibus
798 1597 842 1692 (r.
870 1600 958 1682 6333
986 1620 1064 1668 auro
1092 1608 1123 1668 ot
1149 1601 1283 1683 fortuna,
1303 1599 1438 1670 iniustae
1459 1602 1614 1688 potentiae
1633 1601 1729 1683 fonte,
1749 1598 1903 1669 homines

371 1727 475 1789 mente
501 1718 680 1789 alienantur
708 1716 747 1788 H.
775 1717 812 1788 F.
844 1717 925 1788 776.
954 1717 1075 1788 Diuites
1104 1719 1239 1808 potiores
1266 1729 1340 1789 sunt
1360 1718 1454 1790 bonis
1481 1718 1565 1808 apud
1594 1719 1832 1790 multitudinem
1860 1721 1903 1789 ad

372 1858 487 1910 aurum
506 1858 568 1906 non
596 1839 635 1908 ad
664 1839 746 1908 iacta
771 1837 967 1929 spectantem
983 1834 1022 1929 [3.
1044 1837 1537 1930 363113333333336131133
1558 1840 1651 1909 amici
1672 1849 1743 1911 sunt
1759 1838 1804 1932 [3.
1828 1837 1903 1909 665

370 1969 401 2029 31
427 1957 526 2026 33113
553 1958 652 2046 magis
678 1958 805 2028 divitem
832 1976 957 2027 333333
986 1976 1081 2048 quarn
1109 1956 1243 2028 liborum
1271 1967 1365 2049 atque
1393 1960 1519 2049 inopem
1546 1956 1901 2050 3313313163.Βὶ-

369 2079 464 2148 vitiae
491 2079 626 2147 iniustae
651 2085 725 2148 sunt
757 2075 991 2165 multarumque
1026 2077 1210 2147 iniuriarum
1244 2078 1314 2147 lons
1346 2076 1388 2170 [3.
1419 2079 1464 2147 66
1499 2098 1538 2147 33
1566 2078 1663 2148 33113
1695 2080 1797 2169 magis
1826 2099 1904 2148 cum

367 2197 521 2287 imperitis
555 2197 744 2266 coniunctae
774 2194 817 2288 fr.
847 2196 905 2264 tt.
933 2195 1104 2286 03313363
1140 2205 1188 2266 331
1224 2198 1349 2267 inscitia
1382 2199 1559 2289 eademque
1585 2197 1711 2268 miseria
1742 2196 1784 2291 pi.
1813 2198 1903 2280 237,

368 2317 516 2408 pietatem
531 2337 573 2388 ex
588 2317 698 2386 intimo
713 2315 809 2386 corde
824 2324 1044 2405 erumpentem
1072 2318 1284 2406 comprimens
1301 2316 1342 2410 fr.
1364 2318 1435 2388 '136
1457 2315 1527 2410 (olr.
1547 2317 1643 2408 Sopb.
1666 2315 1701 2387 0.
1724 2316 1756 2388 C.
1783 2317 1903 2416 1066)

369 2454 407 2505 33
433 2455 543 2505 33333
569 2435 730 2526 quoddam
749 2419 1042 2518 3313333133333,
1061 2444 1230 2524 paupertas
1248 2445 1354 2505 autem
1373 2438 1548 2526 sapientiae
1567 2435 1734 2525 disciplina
1747 2434 1791 2528 [r.
1813 2436 1901 2510 666.

373 2552 498 2622 Divitiis
525 2562 717 2624 enervantur
744 2553 859 2635 auimi;
886 2573 980 2624 saeva
1007 2561 1190 2644 paupertate
1218 2556 1300 2624 uires
1327 2555 1455 2625 aluntur
1477 2552 1520 2646 sn.
1552 2533 1608 2624 66.
1637 2555 1749 2624 Putant
1767 2555 1901 2644 quidem

372 2673 484 2742 divites
518 2673 649 2742 firmiter
676 2692 751 2762 opes
778 2670 837 2741 sibi
865 2693 936 2743 esse
964 2674 1139 2755 devinctas;
1170 2694 1251 2763 quae
1285 2673 1454 2778 instabiles.
1475 2683 1506 2745 et
1532 2676 1562 2743 in
1583 2673 1722 2778 ⁸arbitrio
1749 2657 1902 2746 fortunae

374 2803 456 2864 sunt.
485 2793 584 2882 lgitnr
612 2793 726 2882 desipit
752 2794 806 2882 qui
833 2794 948 2863 divitiis
974 2793 1125 2882 gloriatur
1152 2795 1254 2884 iisque
1281 2796 1378 2865 frctus
1396 2795 1475 2865 alins
1501 2795 1597 2866 laedit
1612 2793 1653 2886 fr.
1674 2795 1731 2864 93.
1751 2798 1900 2869 Honores

368 2934 406 2984 33
431 2913 558 2984 divitiae
585 2913 690 2983 inania
716 2922 798 2997 sont,
826 2921 856 2983 et
882 2915 1023 2984 omnium
1050 2913 1253 2984 beatissimus
1281 2914 1439 3005 putandus
1466 2925 1514 2984 est
1540 2918 1591 2985 cui
1620 2916 1696 2986 nihil
1724 2917 1800 2988 mali
1821 2938 1901 2987 oon-

368 3033 475 3122 tingat·
491 3030 567 3101 1133.
597 3032 682 3106 663.
701 3031 770 3103 633
797 3033 960 3102 bominum
980 3033 1035 3103 sed
1054 3031 1186 3102 deorum
1207 3041 1281 3102 sunt
1302 3053 1362 3119 333,
1382 3055 1461 3123 quas
1480 3034 1630 3106 mortales
1648 3038 1872 3107 administrant
1891 3064 1898 3119 ;

367 3154 411 3224 dii
435 3161 596 3242 utcunque
622 3154 733 3223 volunt
761 3154 907 3224 auserunt
933 3129 1048 3222 iones.
1078 3155 1161 3232 555.
1184 3141 1293 3223 ¹Nolite
1312 3154 1407 3241 igitur
1425 3153 1551 3224 divitias
1570 3176 1763 3239 memorare;
1785 3162 1901 3247 quanti

366 3274 503 3363 quisque
529 3275 570 3342 sit
596 3274 627 3341 in
655 3293 689 3342 se
716 3274 853 3362 positum
880 3271 985 3358 babet,
1020 3293 1123 3363 neque
1158 3271 1240 3342 deus
1266 3275 1471 3343 admiratione
1499 3275 1613 3364 dignus
1641 3285 1698 3361 est,
1726 3280 1781 3367 qui
1809 3277 1898 3368 apud

368 3393 596 3483 nequissimum
625 3411 786 3483 quemque
813 3393 945 3461 inueniri
975 3401 1074 3483 potest
1098 3391 1140 3484 sn.
1164 3395 1222 3468 66.
1251 3393 1317 3463 Nou
1346 3393 1457 3464 firmae
1484 3403 1556 3463 suut
1583 3394 1822 3466 6166333363
1842 3420 1898 3468 ar-

368 3510 451 3581 tibus
472 3521 580 3602 parlae
606 3509 648 3604 fr.
678 3512 750 3581 366
778 3505 841 3608 (1),
867 3509 983 3600 quibus
1011 3514 1112 3582 tenuis
1139 3524 1235 3604 atque
1254 3515 1404 3583 innocens
1424 3513 1569 3583 condicio
1596 3517 1821 3607 anteponenda
1851 3526 1901 3587 est
1980 3569 1981 3582 .

362 3621 1805 3746 [3.866;313.631.613163333333363331333,6333313313333333363633
1836 3658 1897 3707 su-

367 3750 567 3820 stentandam
593 3749 668 3820 satis
694 3751 765 3819 sint
792 3747 905 3820 Pboou.
935 3749 1312 3844 subsannasset.

416 3867 569 3939 illenim
597 3870 765 3959 Euripides
797 3870 876 3940 vidit
902 3869 986 3959 quod
1015 3881 1098 3942 esset
1125 3873 1155 3942 in
1183 3876 1308 3945 ciuitate
1335 3897 1451 3950 munus
1478 3879 1655 3948 divitiarum
1684 3899 1780 3970 quum
1809 3879 1899 3950 inter

366 4010 495 4061 333333
522 3991 636 4082 posuit
674 3988 854 4079 exquibus
881 3991 1043 4061 bominum
1072 3995 1251 4062 communio
1280 3995 1416 4067 efficitur
1443 4006 1474 4067 et
1500 4000 1688 4069 continetur
1716 3999 1819 4069 Sensit
1848 3999 1899 4068 di·
1978 4011 1979 4014 ’

366 4128 471 4178 versas
497 4109 700 4179 condiciones
726 4109 897 4199 uariasque
925 4110 1289 4184 fortunas-necessarias
1316 4135 1384 4185 esse
1412 4138 1450 4187 ac
1469 4115 1563 4187 rebus
1582 4118 1729 4188 bumanis
1754 4137 1898 4190 consen·

366 4236 485 4313 laneas,
516 4227 572 4299 ubi
602 4226 686 4297 bona
720 4236 751 4298 cl
781 4229 865 4298 mala
899 4250 1061 4319 nunquam
1097 4231 1255 4302 disiuncta
1292 4235 1346 4305 sed
1384 4236 1425 4306 ita
1451 4239 1621 4307 commixta
1648 4247 1730 4324 sunt,
1758 4246 1791 4308 ut
1818 4239 1898 4310 inde

230 4327 234 4336 ’
363 4346 542 4439 aequabilis
570 4367 676 4418 rerum
704 4367 815 4417 cursus
844 4350 985 4419 exsistat.
1013 4349 1076 4435 Qui
1104 4360 1211 4439 posset
1237 4336 1367 4444 inopum
1395 4357 1506 4426 civitas
1535 4360 1750 4446 permanere?
1775 4359 1898 4431 diuites

364 4466 518 4557 praebent
545 4487 627 4558 quae
655 4466 850 4559 pauperibus
882 4468 1005 4550 desunt,
1042 4469 1234 4560 pauperibus
1266 4493 1363 4563 opera
1397 4485 1429 4545 et
1464 4475 1570 4571 labore
1606 4498 1658 4548 res
1692 4479 1896 4551 necessariae

365 4595 587 4677 comparantur
611 4586 653 4679 fr.
683 4586 722 4658 61
758 4581 819 4684 (E).
847 4587 891 4657 63
910 4589 941 4656 in
969 4590 1099 4678 priuatis
1123 4590 1252 4678 quidem
1270 4591 1375 4678 rebus,
1395 4598 1518 4665 tametsi
1536 4597 1641 4666 virtuti
1663 4617 1700 4667 ao
1717 4600 1897 4686 sapientiae

365 4707 482 4797 primas
508 4706 628 4792 detulit,
656 4715 761 4776 tannen
788 4708 894 4778 133333
922 4728 983 4776 333
1018 4709 1118 4797 potnit
1151 4711 1242 4798 quin‘
1258 4711 1407 4782 fateretur
1441 4716 1550 4804 quanti
1581 4721 1716 4805 pecnnia
1741 4715 1896 4792 habenda

365 4834 455 4896 esset.
474 4825 600 4895 Etenim
626 4823 806 4895 libertatem
826 4845 888 4895 non
916 4826 1081 4897 modoad
1110 4826 1361 4917 rempublicam
1388 4832 1443 4901 sed
1471 4833 1510 4902 36
1539 4855 1650 4906 33333
1677 4837 1758 4908 vitae
1785 4847 1897 4928 partes

367 4942 480 5015 Graeci
509 4942 700 5027 referebant;
727 4963 825 5034 quare
844 4964 884 5014 333
901 4944 1197 5028 sordidisartiliciis
1225 4956 1256 5016 et
1277 4948 1471 5038 quotidianis
1493 4952 1735 5027 necessitatibus
1757 4959 1898 5032 servitus

399 5281 432 5347 (ll
451 5278 554 5346 Quae'
547 5294 577 5334 33
596 5279 700 5336 animis
718 5279 871 5338 hominum
890 5281 952 5338 auri
970 5281 1127 5355 cupiditate
1144 5283 1303 5356 gignuntur
1321 5287 1477 5360 Sophocles
1496 5304 1613 5364 quoque
1631 5292 1895 5363 31133333631695.

398 5364 739 5438 1636363313336336
755 5368 798 5422 Ar
819 5367 910 5423 158
898 5358 1108 5441 3’3333333333·
1126 5377 1203 5424 33333
1196 5393 1320 5445 3333333
1312 5378 1453 5440 33333333
1424 5383 1544 5448 esposse
1572 5385 1684 5448 33333333
1711 5383 1799 5452 333333
1827 5383 1897 5450 ῥῦμα

229 5503 231 5506 .
362 5453 1450 5532 πῦλονταῑ·μ33·313363ὰρμγά33οιιὸρςᾷρισ“ν3ωιτᾶἱοιομίγςδρθῑθὺπτευιποωὸμρὶρ
