4010 6172
1070 300 1247 368 ..6-

391 461 423 522 et
447 453 626 538 auctoritas,
660 455 750 523 cuins
790 471 830 522 ex
870 453 1036 540 tragoediis
1065 452 1263 543 philosophia
1306 454 1337 522 in
1381 452 1493 540 vulgos
1533 460 1704 542 peruagata
1730 451 1768 520 ad
1811 470 1929 520 mores

393 571 634 642 conformandos
660 573 848 662 animosque
867 571 1013 641 doctrina
1031 569 1216 642 imbuendos
1236 571 1403 660 plurimum
1431 570 1614 642 contulerit.
1642 570 1720 640 Nam
1748 591 1849 660 quem
1883 570 1927 639 ad

390 692 518 762 modum
546 693 578 761 in
605 691 720 761 fabulis
749 691 895 762 traditum
922 699 969 760 est
997 700 1159 781 poetarum
1188 711 1285 780 opera
1313 691 1456 762 bomines
1500 692 1584 761 feros
1611 711 1650 760 ac
1694 689 1851 760 barbaros
1884 691 1928 758 ad

390 807 563 878 humanum
604 807 789 896 civilemque
830 805 949 875 cultum
990 806 1086 875 fuisse
1126 806 1301 912 deductos,
1340 808 1380 876 ita
1422 812 1532 898 poetae
1567 807 1663 876 etiam
1702 816 1766 876 tum
1802 806 1926 896 populi

391 929 536 998 doctores
555 924 665 1012 habiti,
695 947 756 996 non
790 929 952 996 minimum
983 928 1132 996 momenti
1159 928 1199 996 ad
1226 947 1351 997 omnem
1386 928 1586 1017 disciplinam
1615 923 1788 997 afferebant
1816 935 1927 1014 atque

390 1047 585 1118 uberrimum
616 1045 765 1118 manabat
792 1067 831 1116 ex
857 1065 952 1118 scena
980 1047 1167 1117 eruditionis
1194 1048 1311 1118 flumen
1338 1046 1397 1143 (l).

439 1164 544 1252 Quum
572 1186 645 1236 vero
671 1189 711 1236 ex
737 1169 896 1238 communi
924 1167 987 1235 vita
1013 1174 1044 1235 et
1072 1175 1221 1256 tanquam
1250 1170 1472 1239 efororesac
1491 1188 1644 1258 personas
1666 1187 1792 1238 sumere
1812 1188 1927 1250 ausus

388 1288 437 1369 sit,
464 1287 558 1376 idque
586 1307 649 1357 non
677 1289 710 1356 in
739 1288 851 1357 bumili
877 1306 914 1356 ac
941 1286 1077 1375 pedestri
1105 1286 1160 1356 sed
1189 1288 1220 1356 in
1248 1285 1377 1357 sublimi
1414 1287 1577 1359 literarum
1624 1307 1741 1375 genere
1784 1289 1925 1370 fecerit,

389 1406 509 1476 nullum
540 1405 673 1476 dubium
701 1416 747 1476 est
773 1407 859 1496 quin,
888 1406 1070 1494 tragoediae
1097 1415 1209 1477 natura
1236 1417 1392 1497 corrupta,
1421 1409 1577 1500 poeticam
1606 1407 1667 1478 sibi
1693 1408 1816 1491 landem
1859 1409 1926 1476 im·

389 1527 547 1597 minuerit.
578 1523 754 1617 Aeschylus
780 1528 864 1596 eninr
893 1535 925 1595 et
951 1524 1122 1615 Sophocles
1142 1547 1203 1598 non
1231 1546 1314 1616 quae
1343 1527 1443 1599 oculis
1470 1527 1718 1600 obuersarentur
1737 1529 1922 1611 imitantes,

386 1646 441 1716 sed
456 1645 543 1717 velut
561 1647 611 1717 sui
628 1648 777 1735 temporis
794 1647 997 1715 immemores
1016 1666 1128 1716 earum
1149 1667 1262 1731 rerum,
1280 1667 1363 1737 quae
1382 1648 1589 1720 diuturnitate
1616 1647 1777 1728 nobilitata
1794 1656 1922 1732 essent,

386 1766 535 1836 eximiam
558 1768 791 1856 perfectamque
825 1769 962 1855 speciem
1004 1765 1262 1858 complectentes,
1303 1769 1480 1856 praeclaras
1520 1789 1558 1840 ao
1596 1769 1705 1860 plenas
1747 1768 1920 1854 dignitatis

385 1885 507 1956 fabulas
534 1893 787 1976 composuerant,
805 1885 920 1975 quibus
939 1888 1136 1958 audientium
1164 1888 1260 1956 animi
1283 1888 1325 1956 ad
1353 1890 1471 1958 maiora
1494 1888 1728 1960 extollerentur.
1746 1887 1866 1973 Quare,
1890 1889 1920 1955 si

385 2027 458 2076 vera
486 2007 579 2076 tradit
605 2003 794 2092 Aristoteles,
822 2007 904 2076 Poct.
933 2009 991 2090 25,
1020 2006 1191 2097 Sophocles
1219 2009 1285 2096 ipse
1312 2010 1355 2076 ait
1382 2029 1416 2077 se
1454 2029 1604 2099 personas
1631 2010 1758 2078 linxisse
1796 2007 1919 2097 quales

386 2147 456 2196 esse
482 2124 646 2209 deberent,
676 2127 857 2213 Euripidem
886 2127 997 2216 quales
1024 2137 1137 2198 essent.
1171 2125 1234 2211 Qut
1263 2147 1326 2196 non
1353 2130 1459 2198 animo
1487 2129 1652 2217 indulgens
1679 2129 1736 2200 sed
1754 2129 1917 2213 homines,

385 2247 436 2335 qni
466 2255 530 2315 tum
558 2255 657 2330 erant,
685 2247 955 2336 circumspiciens,
970 2246 1062 2316 modo
1086 2247 1298 2333 indignatione
1315 2248 1461 2334 flagrans,
1482 2249 1573 2319 modo
1592 2249 1782 2320 emendandi
1805 2249 1918 2317 studio

383 2365 542 2450 incensus,
570 2363 652 2434 bona
679 2365 761 2435 mala
788 2367 861 2434 vitia
889 2367 1019 2436 virtutes
1046 2365 1085 2436 ad
1114 2365 1331 2455 philosophiae
1365 2387 1507 2437 normam
1546 2367 1700 2439 referebat
1741 2377 1772 2437 et
1799 2389 1912 2436 mores

383 2493 479 2574 atque
509 2486 635 2571 ingenia
662 2505 868 2576 personarum
897 2487 1099 2577 permiscens,
1126 2505 1207 2574 qnae
1247 2486 1315 2574 ipse
1355 2489 1482 2557 sentiret
1526 2507 1564 2557 ac
1600 2497 1704 2558 mente
1751 2489 1915 2576 cogitaret

389 2600 659 2702 proponebatis).
679 2604 749 2689 Quo
768 2607 882 2675 factum
902 2615 950 2675 est
964 2617 998 2675 ut
1013 2607 1031 2674 ii
1051 2609 1104 2695 qui
1131 2607 1274 2679 audirent
1301 2625 1363 2677 non
1387 2608 1479 2677 modo
1498 2629 1576 2697 quae
1596 2608 1681 2678 servi
1701 2606 1749 2677 vel
1770 2609 1911 2678 molier·

382 2725 472 2794 colae
500 2723 757 2817 philosophantes
778 2726 1013 2815 profunderent,
1032 2727 1197 2798 sedetiam
1218 2749 1263 2812 ea,
1282 2748 1365 2818 quae
1384 2728 1516 2817 singulis
1534 2728 1612 2798 locis
1641 2749 1679 2796 ac
1705 2728 1911 2818 loquentium

284 2837 286 2844 ’
381 2847 502 2914 naturis
532 2848 900 2930 maximeconrenirent,
929 2856 1040 2937 poetae
1069 2850 1125 2937 ipsi
1153 2858 1208 2918 aut
1235 2848 1319 2919 laudi
1348 2857 1401 2918 ant
1421 2849 1500 2920 nitio
1526 2856 1687 2918 verterent
1710 2842 1778 2944 (3).
1799 2847 1906 2933 Quam

381 2964 421 3035 ob
460 2985 525 3038 rem
566 2969 620 3056 qui
660 2987 845 3055 graecarum
881 2967 1043 3037 literarum
1082 2969 1244 3037 historiam
1286 2970 1483 3057 scripserunt
1520 2990 1618 3058 quum
1658 2968 1698 3040 ad
1739 2970 1901 3058 poeticam

378 3085 556 3156 facultatem
584 3086 819 3177 perfectamque
846 3096 943 3158 artem
970 3087 1030 3156 sibi
1059 3090 1194 3156 maximo
1222 3089 1427 3179 spectandum
1456 3087 1698 3173 arbitrarentur,
1717 3088 1756 3158 de
1780 3089 1908 3156 scenica

380 3208 467 3296 poesi
494 3205 684 3277 disserentes
712 3207 893 3296 Euripidem
921 3227 981 3276 non
1008 3207 1194 3296 simpliciter
1222 3227 1324 3297 neque
1352 3227 1392 3276 ex
1422 3211 1547 3298 proprio
1581 3225 1698 3297 genere
1739 3207 1901 3277 indicave-

380 3334 462 3408 runt,
490 3326 547 3396 sed
573 3347 646 3396 cum
675 3325 845 3417 praeclaris
872 3326 933 3395 illis
963 3327 1194 3416 tragoediarum
1222 3325 1431 3416 scriptoribus
1458 3337 1691 3418 comparantes,
1709 3325 1805 3415 longo
1833 3337 1904 3416 post

379 3466 433 3515 eos
461 3445 627 3516 intervallo
654 3431 859 3515 collocarunt
902 3445 1015 3546 Neque
1058 3448 1182 3518 iniuria.
1213 3445 1328 3518 Verum
1365 3447 1404 3516 ad
1451 3448 1699 3523 existimantium
1744 3447 1904 3516 iudicium

382 3586 532 3658 magnum
560 3576 754 3636 momentum
783 3587 852 3636 esse
881 3576 1002 3656 oportet
1029 3587 1088 3635 non
1125 3567 1218 3638 modo
1246 3567 1328 3656 qnid·
1357 3575 1468 3656 poetae
1504 3569 1563 3658 ipsi
1598 3569 1819 3659 praestiterint,
1846 3569 1903 3638 sed

380 3687 475 3756 etiam
502 3686 655 3777 quantum
695 3689 781 3776 apud
821 3689 966 3756 homines
993 3689 1112 3776 gratiae
1139 3697 1169 3756 et
1196 3689 1392 3758 auctoritatis
1432 3690 1619 3778 consequuti
1663 3691 1735 3762 sint.
1765 3673 1905 3758 Fuerunt

381 3807 465 3875 enim
492 3815 612 3896 poetae,
641 3827 776 3896 qnorum
805 3827 902 3896 opera
927 3805 1071 3877 absoluta
1099 3805 1311 3896 omnibusque
1356 3810 1497 3877 numeris
1543 3808 1683 3898 perlecta
1717 3808 1756 3878 ad
1784 3810 1903 3880 animos

383 3926 544 3996 bominum
579 3928 769 3997 excolendos
802 3928 866 3996 vim
901 3937 992 3996 suam
1026 3929 1056 3996 in
1085 3947 1178 3998 omne
1205 3936 1341 4028 tempus
1374 3930 1531 4018 integram
1564 3938 1658 4017 atque
1691 3931 1900 4018 incorruptam

382 4047 550 4129 r·etineant;
578 4048 630 4116 alii
657 4067 742 4133 vero,
771 4067 904 4135 quorum
948 4049 1037 4117 velut
1076 4049 1311 4136 praesagientes
1354 4049 1449 4117 animi
1494 4069 1677 4118 communes
1704 4050 1902 4120 necessitates

315 4181 316 4188 ’
384 4166 497 4254 suique
526 4169 675 4256 temporis
702 4166 908 4239 adumbratas
935 4168 1071 4238 rationes
1098 4167 1194 4236 altius
1223 4169 1482 4257 introspexerint;
1508 4177 1644 4257 quorum
1684 4171 1716 4238 in
1755 4167 1902 4259 operibns

422 4462 453 4532 (Ι)
473 4465 595 4536 Lycurg.
613 4463 673 4518 adv.
690 4462 890 4522 Leocr.102:oi
907 4475 947 4531 μὲν
972 4467 1017 4536 peip
1037 4473 1101 4532 νόμοι
1121 4468 1158 4518 διὰ
1179 4472 1219 4524 τὴν
1239 4471 1360 4532 συντομίαν
1379 4464 1405 4520 οὗ
1424 4469 1564 4520 διδάσκουσιν
1591 4466 1646 4518 ἀλλ’
1655 4469 1814 4520 ἐπιτάττουσιν
1835 4470 1849 4521 ἃ
1869 4472 1902 4520 δεῖ

383 4563 466 4621 ποιεῖν
482 4557 504 4603 οἱ
523 4553 548 4601 δὲ
566 4558 660 4606 nemrod
678 4555 815 4618 μιμούμενοι
833 4559 874 4604 τὸν
893 4554 1034 4623 &punse
1052 4561 1103 4624 βίον
1122 4557 1153 4605 τὰ
1171 4559 1289 4606 collitoros
1306 4549 1379 4606 τῶνε
1369 4555 1440 4624 ἔργων
1459 4557 1606 4620 ἐκλεξάμενοι
1600 4559 1685 4620 ipss&
1703 4558 1773 4619 λόγον
1791 4559 1853 4607 καὶ
1844 4577 1900 4608 erno

384 4641 473 4698 δείξεως
489 4645 544 4696 τοὺς
561 4641 696 4709 ἀνθρώπους
715 4647 866 4703 συμπείθουσι
845 4659 887 4694 σι.ν
909 4639 943 4694 Ei
960 4638 1165 4712 Aristophanes
1184 4642 1250 4696 ch.
1262 4640 1326 4696 1654
1344 4651 1450 4700 τοῖςν
1410 4649 1450 4706 μὲν
1469 4649 1514 4712 γὰρ
1532 4643 1719 4761 παιδαοίοισιν
1706 4664 1752 4695 εστι
1771 4645 1901 4700 διδάσκαλος

382 4727 442 4784 ὅσιτς
460 4733 549 4797 φράζει,
567 4737 646 4784 τοῖς-ο
635 4732 716 4783 risose
734 4728 758 4776 δέ
776 4733 880 4783 ποιηταί.
900 4725 949 4781 cfr.
970 4723 1030 4782 686.
1050 4726 1108 4781 108
1176 4771 1178 4776 ι

418 4812 450 4881 (6)
469 4811 612 4884 Aristoph.
629 4813 693 4868 Run.
709 4811 848 4867 949ἁλλ’”
835 4815 938 4877 ελεγονΡ
928 4819 1090 4877 ηγυνήτὲμοι
1104 4815 1139 4876 χώ
1155 4814 1236 4871 δοῦλος
1249 4813 1394 4870 addiscite
1356 4834 1394 4865 τον
1405 4817 1731 4890 χώδεσπὸτηςχὴποφᾶένος
1743 4817 1900 4888 χὴγροιῦςᾶν

417 4896 450 4968 (itt
470 4898 569 4954 Narrat
587 4897 695 4953 Seneca
713 4913 751 4966 ep.
770 4897 820 4953 llo
838 4913 906 4954 cum
924 4911 1023 4952 versus
1047 4897 1199 4968 quidam
1191 4915 1221 4953 sn
1250 4898 1396 4970 tragoedia
1422 4900 1566 4972 lluripidis
1590 4901 1773 4971 pronuntiati
1800 4907 1900 4973 essent,-

382 4983 488 5056 quihus
506 4999 606 5038 aurum
629 4983 795 5054 parentibus
813 4999 845 5039 ae
865 4981 962 5038 liberis
981 4989 1214 5057 anteponeretur,
1236 4990 1327 5040 totum
1345 4985 1487 5057 ‘populum
1501 4987 1536 5043 'ad
1549 4982 1724 5044 eliciendum
1737 4993 1767 5044 et
1781 4994 1900 5045 actorem

381 5075 411 5125 et
428 5084 544 5126 carmen
568 5070 782 5126 consurrexisse
807 5085 865 5125 rinc
894 5066 1013 5140 impetu.
1033 5069 1114 5136 Quod
1141 5076 1248 5139 negant
1266 5087 1329 5126 esse
1358 5088 1468 5128 rernm.
1492 5075 1526 5128 At
1544 5079 1620 5130 certe
1642 5075 1813 5145 verisimi103
1838 5093 1900 5130 nam

379 5164 493 5232 practer
510 5172 597 5227 quam
616 5155 693 5226 quod
712 5171 745 5212 ea
759 5171 801 5210 res
820 5162 872 5225 est,
887 5170 960 5226 quae
973 5153 1161 5210 ,stomachum
1176 5163 1297 5226 moreat,
1311 5157 1368 5212 iam
1382 5158 1449 5214 satis
1464 5158 1606 5215 didicerat
1617 5158 1772 5230 populosa
1788 5159 1902 5217 comicis

381 5240 456 5296 nihii
471 5241 611 5312 personis,
630 5241 727 5298 omnia
746 5247 847 5310 poetae
868 5240 1000 5296 tribuere.
1019 5236 1261 5297 Versus'exstant
1277 5243 1313 5310 fr.
1335 5242 1393 5298 326.

416 5325 545 5393 (Omissis
557 5315 721 5382 fabularum
741 5325 915 5397 perditarum
936 5324 1114 5396 nominibus,
1135 5341 1208 5397 quae
1226 5325 1346 5396 lon-gum
1366 5337 1428 5385 eret
1441 5344 1595 5407 apponere,
1610 5331 1640 5388 in
1657 5331 1827 5402 fragmentis
1838 5333 1903 5390 allo-

385 5409 484 5468 randis
502 5427 640 5470 numeros
659 5410 768 5468 retinui
793 5411 930 5467 editionis
948 5409 1131 5469 llauckianac
1150 5412 1218 5481 depr.
1243 5412 1337 5470 Teubn.
1360 5413 1441 5482 1869).
