4010 6172
743 355 943 424 ...31-

79 527 176 600 qnam
215 509 381 578 imminuta
400 519 456 579 est.
478 511 511 578 ln
531 508 719 601 Supplieidas
739 507 908 579 tlrnbannm
929 529 1120 600 praeconem
1140 519 1171 579 et
1191 509 1347 578 Theseum
1366 509 1405 577 de
1425 527 1457 576 ro
1478 506 1604 598 publica

81 629 278 716 disputantes
306 629 389 698 lacit.
425 628 592 700 Thebanus
627 633 840 720 principatum
876 631 1016 701 defendit
1048 639 1078 700 et
1114 630 1304 718 argumentis
1338 629 1502 700 socraticis
1528 627 1604 698 uitia

83 748 246 837 populeris
272 747 418 818 licentiae
447 751 575 840 exponit
601 773 627 818 o.
662 749 749 819 lon:
777 751 970 840 demagogos
996 749 1166 821 verborum
1194 743 1354 820 illecebris
1388 756 1419 818 et
1446 746 1604 818 blanditiis

81 866 191 958 populi
218 866 395 938 uoluntates
430 870 461 938 in
497 891 587 940 suam
623 871 790 940 militatem
824 880 1043 942 corruententes
1075 891 1112 943 30
1146 889 1264 961 poenas
1301 869 1422 960 patriae
1453 865 1493 938 ab
1530 868 1604 958 ipsis

84 986 217 1058 violatae
245 989 446 1076 effugientem
474 989 653 1081 imperitam
680 1011 717 1058 ac
745 994 947 1082 impotentem
977 989 1186 1084 plebeculam,
1215 1010 1296 1083 qnae
1322 990 1360 1059 ad
1377 1008 1411 1059 se
1429 987 1604 1077 regendum

83 1109 190 1197 inepte
217 1127 283 1178 rom
310 1107 470 1197 publicam
499 1110 716 1180 administrare
743 1111 834 1192 relit;
876 1112 930 1182 sed
969 1112 1161 1202 quotidianis
1198 1109 1437 1181 necessitatibus
1473 1109 1605 1179 distenta

85 1247 192 1319 neque
219 1228 338 1298 erudiri
358 1248 461 1320 neque
483 1237 582 1298 artem
601 1230 737 1300 ciuitatis
755 1231 914 1320 regendae
933 1230 992 1301 sibi
1012 1251 1195 1320 comparare
1214 1239 1319 1323 queat.
1340 1227 1386 1298 dd
1409 1249 1446 1299 ea
1465 1229 1604 1298 Tbeseus

83 1349 245 1436 respondit
270 1345 449 1418 libertatem
478 1347 625 1420 laudibus
653 1351 806 1419 extollens
834 1360 864 1419 et
891 1351 1113 1421 dominationis
1141 1352 1215 1420 vitiu
1242 1350 1446 1420 dinumerans
1473 1346 1603 1422 3126.

84 1465 199 1536 1131133
228 1467 279 1537 bic
306 1467 401 1556 leges,
430 1468 518 1538 nulla
545 1471 701 1559 aequitas,
728 1471 782 1540 sed
811 1471 945 1540 servitus
971 1479 1002 1539 et
1030 1468 1137 1539 libido.
1156 1468 1297 1538 libertas
1318 1472 1387 1557 pari
1404 1472 1473 1538 inre
1495 1487 1604 1536 omnes

87 1582 183 1655 babel
210 1596 241 1656 et
269 1586 410 1656 lominna
441 1589 557 1678 cuique
585 1590 684 1658 animi
715 1589 903 1678 consiliique
936 1590 1122 1658 ostendendi
1152 1591 1275 1680 copiam
1304 1591 1387 1658 iacit.
1422 1587 1547 1675 llagnis
1575 1595 1606 1656 et

84 1704 218 1775 sortibus
251 1707 326 1776 viris
361 1708 496 1796 populus
528 1708 696 1797 gloriatur,
729 1730 806 1798 3333
841 1718 993 1800 tyrannus
1028 1718 1193 1798 suspectos
1228 1707 1324 1778 babet
1369 1728 1407 1778 30
1446 1707 1604 1797 deprimit.

84 1823 238 1908 Quisnam
259 1827 385 1896 divitias
403 1827 580 1912 cumulare,
608 1831 754 1918 quisnam
781 1827 933 1898 formosas
962 1839 993 1898 et
1020 1838 1122 1898 castas
1143 1829 1223 1898 filias
1242 1830 1381 1898 educare
1400 1827 1485 1912 velit,
1507 1845 1604 1914 quum

84 1948 193 2015 omnia
220 1950 372 2017 avaritiae
400 1955 430 2016 et
457 1948 684 2037 cupiditatibus
714 1951 836 2039 tyranni
866 1950 1001 2039 praedae
1028 1969 1097 2019 esse
1127 1950 1274 2039 possint?
1301 1948 1407 2034 Quare
1433 1949 1484 2017 cni
1504 1945 1602 2016 libero

83 2085 155 2134 esse
182 2065 275 2136 liceat
301 2087 410 2137 servus
437 2067 505 2137 deri
537 2068 622 2137 nullo
645 2077 735 2156 pacto
765 2067 852 2138 malit
877 2066 920 2158 fr.
950 2067 1035 2141 211.
1065 2069 1100 2137 13
1128 2066 1244 2139 malam
1272 2087 1400 2136 crucem
1417 2069 1471 2155 qni
1493 2076 1604 2157 tyran-

86 2186 160 2256 nide
190 2186 241 2256 rel
268 2205 441 2277 paucorum
469 2187 632 2256 dominatu
661 2189 875 2288 delectemur,
902 2188 946 2257 nil
975 2189 1050 2256 tanti
1078 2197 1127 2257 est
1153 2189 1260 2276 quanti
1289 2185 1440 2256 libertatis
1474 2204 1606 2265 nomen;

83 2308 110 2374 si
143 2307 195 2375 uui
223 2308 329 2376 omnia
356 2307 468 2388 desint,
497 2308 524 2376 is
551 2307 630 2376 nolit
656 2329 691 2376 se
720 2290 846 2398 inopem
873 2310 1003 2392 credere
1030 2309 1105 2378 dnm
1133 2305 1278 2376 libertate
1305 2307 1427 2376 irnetnr
1451 2304 1492 2398 [r.
1521 2301 1606 2377 211.

84 2424 186 2494 Unius
214 2425 393 2496 dominatus
414 2428 490 2516 ipsa
517 2447 623 2495 rerum
652 2435 764 2496 natura
795 2427 933 2496 iustitiae
961 2437 1056 2517 atque
1084 2427 1240 2497 honestati
1274 2435 1443 2515 repugnat.
1473 2417 1540 2510 'Qui
1567 2423 1607 2492 ad

89 2545 170 2614 alios
198 2545 420 2634 opprimendos
448 2555 539 2616 33133
565 2548 605 2614 311
633 2567 690 2616 330
717 2549 812 2615 333111
839 2548 921 2616 13313
948 2568 1048 2636 neque
1075 2547 1193 2637 eupit3'
1209 2545 1347 2636 superbo
1375 2555 1478 2615 antem
1500 2547 1606 2614 animo

85 2685 125 2733 30
152 2667 332 2755 suspicione
359 2687 378 2734 3
404 2666 632 2735 consuetudine
658 2668 833 2736 amicornm
868 2676 898 2736 et
931 2668 1065 2734 civitatis
1098 2688 1167 2748 usn¹
1196 2659 1394 2735 abalienatur
1429 2662 1471 2756 fr.
1526 2663 1606 2734 129.

85 2785 234 2872 Magnam
264 2784 325 2855 sibi
352 2789 540 2873 arrogaliam
569 2789 664 2856 sumit
691 2787 779 2856 nulla
806 2782 900 2856 laude
928 2787 975 2855 rel
1005 2789 1196 2876 praestantia
1226 2786 1304 2855 alios
1337 2784 1548 2869 antecedens,
1577 2793 1609 2853 et

87 2904 270 2995 plerunque
297 2907 441 2976 socordia
467 2897 563 2995 atque
589 2908 714 2993 ignaria
741 2908 858 2976 civium
888 2915 1015 2994 regnam
1043 2908 1143 2996 quisi
1170 2906 1336 2975 andaciam
1363 2925 1402 2974 30
1428 2903 1604 2974 voluntates

87 3026 312 3095 consociarent
344 3025 436 3095 facile
473 3036 651 3096 everterent
680 3025 774 3096 Andr.
811 3028 892 3096 6119.
931 3027 1016 3095 llaec
1044 3036 1149 3094 331333
1185 3027 1332 3112 graviora
1358 3033 1447 3107 snm,
1474 3025 1556 3114 quod
1590 3043 1609 3092 3

84 3145 192 3227 Peleo,
221 3154 251 3213 et
278 3147 358 3234 ipso.
375 3166 459 3233 rege,
488 3148 697 3236 proferuntur.
727 3143 937 3236 Cupidissimo
965 3148 1079 3234 cuique
1108 3147 1263 3214 bonorum
1284 3146 1427 3235 tyrannis
1446 3164 1608 3214 summum

83 3264 204 3352 gloriae
240 3250 401 3352 fastigium
433 3263 620 3335 obuersatur
651 3268 770 3348 animo;
804 3287 822 3334 3
857 3265 972 3355 quibus
1006 3265 1139 3356 populns
1177 3274 1261 3334 recte
1292 3262 1419 3334 carebit
1447 3260 1488 3354 fr.
1526 3261 1609 3349 alc,
1667 3321 1670 3328 .

85 3386 172 3466 262,
202 3387 285 3468 836,
316 3384 427 3456 Trood.
461 3387 565 3455 1162.
594 3386 784 3483 Tyrannidis
812 3387 896 3455 enim
924 3406 980 3453 eae
1008 3395 1081 3454 sunt
1110 3384 1292 3469 illecebrae,
1321 3382 1437 3475 quibus
1464 3384 1609 3452 homines

86 3513 196 3573 cetera
224 3505 345 3574 bonesti
374 3505 414 3573 ad
444 3507 574 3600 iniurias
601 3525 638 3575 30
666 3506 785 3575 scelera
808 3505 987 3574 alliciantur
1013 3503 1125 3573 Pboou.
1155 3505 1237 3589 521,
1267 3501 1391 3595 lpInT.
1414 3504 1485 3573 680
1507 3521 1610 3591 neque
1686 3596 1688 3600 .

83 3645 101 3692 a
130 3625 268 3693 cruentis
296 3624 521 3695 certaminibus
548 3623 739 3694 abhorreant
765 3626 806 3695 H.
835 3621 960 3695 F..65.
996 3625 1109 3722 Verum
1146 3647 1208 3715 333
1241 3626 1369 3693 interius
1406 3633 1606 3716 tyrannorum

82 3747 209 3813 animos
237 3746 464 3834 introspexeris
492 3765 529 3812 eo
557 3747 740 3815 miseriores
758 3747 909 3832 reperias.
939 3744 1058 3813 Etenim
1080 3746 1190 3813 timore
1210 3744 1248 3813 ad
1270 3745 1397 3812 iniurias
1417 3743 1608 3827 inferendas,

83 3865 123 3934 ad
153 3866 272 3933 amieos
301 3867 461 3934 necandos
485 3865 540 3936 ,val
568 3865 743 3954 perdendos
770 3866 986 3946 adducuntur,
1010 3885 1050 3933 ne
1077 3883 1094 3932 3
1123 3863 1263 3934 lidelinm
1292 3863 1419 3951 quidem
1453 3865 1608 3952 sanguine

84 3983 359 4074 temperant-lon.
388 3987 471 4068 621,
499 3985 596 4075 Hipp.
628 3986 738 4074 1613,
764 3984 806 4076 fr.
843 3983 929 4068 121,
968 3984 1057 4069 668,
1085 4005 1187 4075 eoque
1219 3985 1418 4054 descendunt
1446 3993 1479 4052 ut
1514 3983 1608 4072 uulgo

83 4104 299 4185 blandiantur,
327 4106 420 4174 sociis
448 4125 486 4174 30
515 4105 663 4173 ministris
689 4106 934 4188 contemnendis
956 4114 1084 4175 utantur
1112 4104 1200 4173 loun.
1238 4103 1324 4190 621,
1358 4102 1426 4195 lpd.
1459 4101 1495 4173 A.
1525 4105 1609 4179 336,

86 4221 270 4304 1161130.
300 4223 381 4306 868,
407 4222 448 4314 sr.
483 4224 544 4292 tlt
587 4218 650 4322 (l).
680 4224 716 4291 El
752 4227 802 4292 bie
836 4223 1004 4313 Euripides
1039 4227 1207 4294 stoicorum
1236 4225 1363 4293 decreta
1397 4223 1607 4312 praenuntiat,

80 4346 133 4434 qui
165 4344 194 4410 in
224 4342 449 4431 tranquillitate
475 4344 572 4411 animi
596 4343 689 4412 nullis
718 4344 940 4431 cupiditatibus
969 4347 1118 4414 commoti
1144 4352 1238 4433 atque
1260 4343 1289 4411 in
1308 4351 1394 4434 recta
1412 4343 1607 4412 conscientia

81 4463 217 4532 beatam·
233 4465 332 4532 vitam
358 4464 491 4553 positam
519 4484 589 4532 3333
616 4462 796 4536 censebant.
826 4463 926 4550 Neget
951 4467 1037 4537 ,enim
1067 4467 1187 4532 animos
1215 4462 1388 4533 terroribus
1408 4461 1604 4552 perturbatos

80 4605 119 4652 er
148 4584 307 4673 potentiae
328 4581 498 4672 splendore
517 4583 689 4673 quidquam
712 4584 843 4652 iucundi
864 4587 1036 4672 percipere.
1056 4583 1181 4669 Quanto
1203 4582 1324 4652 beatior
1338 4583 1482 4673 plebeius
1502 4584 1606 4667 bomo,

81 4706 133 4792 usui
166 4723 224 4772 330
245 4681 351 4772 60333
379 4704 497 4771 amicos
525 4705 636 4773 timere
666 4723 722 4772 neu
750 4703 842 4771 malis
870 4703 1004 4774 blandiri
1026 4704 1171 4791 cogatur!
1192 4703 1326 4772 Possunt
1345 4703 1473 4790 quidem
1494 4723 1605 4772 aurum

80 4832 109 4892 et
136 4823 290 4893 luxuriosi
318 4831 488 4911 apparatus
517 4822 630 4908 rnlgns
658 4823 866 4892 admiratione
882 4832 1048 4912 percutere
1068 4843 1106 4892 30
1124 4825 1283 4894 miseriam
1304 4820 1472 4909 obtegere3
1495 4843 1604 4891 rerum

113 5121 144 5184 tlt
167 5119 259 5176 deteri
278 5135 395 5194 quoque
414 5121 515 5193 tragici
535 5124 568 5180 de
588 5127 710 5194 tyranno
730 5141 789 5181 non
816 5125 966 5181 dissimilia
984 5125 1129 5182 dixerunt.
1156 5126 1256 5182 desch.
1285 5127 1372 5180 l’rom.
1398 5124 1602 5182 2213116161·

78 5205 203 5261 dentiam
226 5206 360 5261 13331333
375 5223 436 5263 3333
455 5209 635 5278 regnantium
657 5209 789 5266 morbum
809 5217 835 5267 el
849 5211 883 5268 35
894 5228 1026 5281 asperum
1041 5227 1103 5267 esse
1121 5211 1171 5284 qui
1187 5227 1285 5267 recens
1299 5213 1454 5283 imperitet.
1469 5209 1602 5282 Sopboel.

76 5293 132 5352 131,
154 5292 206 5346 137
224 5308 283 5346 333
303 5308 365 5346 3333
383 5293 526 5348 civitatem
547 5310 620 5366 eam,
640 5310 714 5364 quiae
733 5297 783 5351 331
803 5305 913 5366 paream
935 5296 1059 5352 611873
1079 5296 1266 5353 insolentiam
1281 5306 1402 5355 matrem
1415 5312 1477 5354 esse
1490 5311 1604 5368 regum;

76 5375 192 5442 ,1113611
210 5376 357 5433 difficilem
378 5393 440 5435 esse
460 5385 583 5449 tyranno
601 5381 844 5451 moderationem,
865 5385 904 5437 El.
926 5384 989 5438 1565
1007 5387 1099 5438 morte
1119 5382 1300 5438 multandum
1314 5384 1363 5456 qni
1380 5382 1490 5454 legibus
1510 5382 1601 5448 maiar

74 5477 134 5516 esse
153 5462 235 5519 uelit.
251 5462 378 5532 Tyranni
398 5463 510 5518 miseria
530 5464 702 5520 describitur
721 5467 750 5522 0.
761 5467 785 5521 11,
797 5467 855 5540 386,
875 5468 932 5524 581.
