3986 6172
725 355 948 434 -ttc-.

56 501 236 595 Eurystheo
262 515 406 596 parceret
432 507 580 578 Herculis
606 511 760 580 acerrimo
781 507 974 589 adversario,
1001 523 1101 596 quern
1124 491 1303 573 interlicere
1330 501 1494 594 pothisset,
1521 507 1581 567 nec

56 623 214 713 sapientis
239 642 311 696 csse
338 627 383 695 ait
408 629 511 716 captis
539 628 674 700 inimicis
702 626 807 699 nullas
834 645 951 719 poenas
986 626 1147 715 imponere
1182 620 1258 692 Hera
1288 622 1372 735 ⁸⁸¹:
1418 619 1583 695 lnimicom
1697 720 1699 728 y

58 761 102 812 cx
121 741 213 814 beato
232 745 446 818 miserrimum
466 749 651 840 conspicere
671 743 933 820 iucundissimum
954 735 1094 817 est'Her.
1115 743 1201 814 939.

584 987 725 1000 ------
727 986 1030 997 -α-ι--ι-ι-ια--α

119 1137 153 1210 ln
184 1149 244 1210 tam
273 1160 387 1232 magna
413 1142 615 1214 dissimilium
642 1163 748 1216 rerum
776 1146 926 1216 uarietate
945 1145 1023 1215 haec
1042 1153 1153 1236 poetae
1172 1145 1296 1235 propria
1314 1143 1412 1213 luisse
1430 1142 1587 1212 ridentur.
1685 1137 1687 1144 ’

120 1261 258 1351 Euripidi
295 1260 455 1351 vulgarem
492 1263 625 1335 deorum
660 1266 851 1356 opinionem,
892 1273 1012 1336 ueteres
1051 1262 1185 1348 tabulas,
1226 1241 1428 1334 divinationis
1463 1262 1590 1332 fraudes

67 1381 252 1472 repudianti
284 1383 411 1472 species
445 1384 600 1473 qrraedam
637 1385 764 1456 divinae
796 1395 946 1470 naturae,
977 1405 1040 1455 non
1067 1385 1107 1454 ad
1136 1386 1336 1474 perspicuam
1375 1382 1593 1474 philosophiae

69 1505 226 1573 rationem
255 1502 431 1588 informata,
459 1503 515 1573 scd
544 1503 711 1575 ohscurior
731 1514 762 1575 et
783 1501 1594 1597 imperscrutahtttsmmttobversataest.··1ustittao

69 1643 108 1692 eo
140 1624 313 1714 firmiorem
348 1623 474 1693 retinuit
511 1625 618 1709 iidem,
655 1625 741 1715 qnod
768 1623 900 1698 arbitrio
936 1625 1069 1698 deorum
1100 1613 1269 1696 sublatam
1291 1599 1596 1695 tnsrsrunnaiira

70 1762 110 1812 ac
137 1739 380 1813 necessitatibus
407 1742 581 1813 collocavit.
615 1741 768 1830 Quamvis
803 1765 908 1816 rerum
943 1746 1153 1818 humanarum
1199 1744 1323 1816 miseria
1351 1751 1382 1824 et
1403 1737 1597 1819 caducitattt

71 1870 303 1948 consternatus,
330 1880 392 1934 nou
420 1864 611 1936 desidiosam
638 1865 870 1955 aegritudinem
898 1875 930 1936 et
956 1876 1086 1938 mortem
1123 1863 1335 1939 uoluntariam
1364 1864 1422 1934 scd
1451 1840 1598 1936 uirtutem

73 1992 169 2073 atque
196 1983 383 2053 industriam
413 1983 569 2055 malorum
597 1987 773 2058 remedium
802 1987 1045 2060 commendavit.
1073 1986 1178 2058 Sensit
1210 1985 1346 2086 rationes
1372 1986 1420 2056 sui
1447 1985 1598 2074 temporis

75 2122 190 2191 cogere
219 2111 252 2174 ut
279 2102 404 2174 diuinae
430 2114 462 2175 et
488 2107 646 2177 humanae
675 2128 726 2178 res
753 2110 848 2177 certis
876 2108 1035 2178 seiunctae
1063 2104 1179 2176 tinibus
1195 2091 1463 2183 'terminarentur'
1480 2099 1601 2178 Omnes

77 2223 233 2308 homines,
261 2221 398 2296 Graecos
426 2223 586 2312 barbaros,
615 2225 731 2298 liberos
757 2249 876 2316 seruos,
904 2209 1015 2298 diuites
1044 2239 1310 2322 pauperes'pam's
1327 2218 1443 2296 essc'at
1462 2223 1599 2314 quadam

78 2343 315 2414 necessitudine
341 2346 509 2429 contineri;
536 2349 644 2436 quanti
671 2349 806 2438 quisque
824 2346 996 2427 haberetur
1024 2367 1086 2419 nou
1121 2368 1160 2424 ea
1190 2345 1467 2418 comnmodatione
1492 2353 1604 2416 enter·-

79 2484 194 2534 narum
222 2485 328 2534 rerum
355 2466 411 2536 scd
440 2487 479 2536 ex
505 2468 612 2537 animo
630 2469 784 2560 cuiusque
812 2467 1029 2539 iudicandum.
1057 2457 1165 2557 Neque
1194 2467 1312 2540 idcirco
1348 2466 1496 2556 pietatem
1524 2483 1600 2552 erga

81 2587 219 2676 patriam
245 2593 275 2656 et
302 2605 490 2675 graecarum
517 2587 658 2675 gentium
694 2590 875 2660 communia
907 2587 1035 2660 vincula
1059 2588 1246 2661 comtcmsit.
1263 2586 1485 2659 ..domesticae
1518 2585 1600 2656 vitae

84 2704 255 2795 perlectam
284 2706 510 2797 excelsamque
537 2708 675 2798 speciem
702 2710 808 2778 animo
835 2709 1030 2800 complexus,
1057 2728 1156 2797 quum
1180 2707 1360 2796 pristinam
1397 2705 1544 2776 uirtutem
1562 2723 1609 2774 <ac

84 2824 318 2914 simplicitatem
356 2825 557 2910 desideraret,
600 2830 630 2897 in
672 2837 837 2919 corruptos
878 2830 1064 2899 laminarum
1099 2848 1201 2898 mores
1228 2828 1372 2896 invectos
1398 2833 1454 2896 cst.
1483 2822 1608 2911 Quibus

86 2943 182 3016 rebus
208 2944 365 3048 affirmare
392 2944 466 3017 licet
494 2967 567 3018 eum
594 2949 688 3018 aetati
716 2970 793 3020 suae
820 2957 924 3048 mente
952 2951 1165 3039 praecurrisse
1184 2956 1277 3036 atque
1305 2947 1377 3017 ideo
1405 2954 1469 3020 tam
1497 2963 1611 3034 magna

89 3063 175 3155 apud
209 3072 352 3155 posteros
384 3070 486 3155 gratia
516 3069 673 3153 lloruisse,
705 3069 789 3159 qnod
823 3090 904 3140 nova
932 3076 1074 3159 tempora
1100 3069 1322 3158 praesenserit.
1349 3065 1542 3156 Quanquam
1570 3083 1610 3136 ea

90 3192 204 3276 poetae
224 3184 283 3256 iuit
296 3189 487 3275 praesensio,
507 3208 567 3258 non
602 3189 781 3280 philosophi
801 3198 888 3259 certa
916 3190 1014 3272 ratio}
1041 3209 1102 3259 non
1130 3189 1214 3258 enim
1243 3184 1451 3276 hrraxagoras
1475 3185 1536 3254 tuit
1563 3183 1615 3255 uel
1671 3203 1675 3211 ·

90 3305 245 3390 Socrates,
272 3308 326 3398 qui
355 3308 385 3376 in
414 3327 453 3379 ea
480 3307 657 3400 temporum
684 3307 919 3399 perturbatione
945 3309 1154 3390 intervalias
1181 3281 1433 3381 dissentientium
1454 3305 1615 3375 hominum

91 3423 251 3495 doctrinas
277 3435 472 3496 constantem
500 3448 537 3499 ac
566 3429 686 3498 immam
724 3448 828 3498 rerum
869 3428 964 3498 tidem
993 3437 1097 3498 mente
1123 3427 1414 3523 comprehenderet.
1444 3427 1612 3496 Praeterea

92 3544 258 3615 hominum
284 3554 396 3616 coetus
423 3547 577 3636 effugiens
605 3568 668 3618 non
689 3566 738 3632 eo,
766 3567 828 3639 quo
855 3548 1007 3631 Socrates,
1036 3567 1142 3617 rerum
1183 3567 1241 3618 usu
1274 3567 1312 3617 ac
1337 3546 1471 3636 sapienti
1505 3543 1615 3614 indul-

93 3664 199 3750 gentia
225 3663 382 3744 excelluit,
408 3667 463 3737 scd
492 3687 654 3739 morosum
681 3668 843 3757 ingenium
872 3689 934 3737 oon
960 3665 1001 3738 ab
1027 3663 1184 3751 omnibns,
1213 3687 1295 3756 quae
1332 3665 1469 3740 solitudo
1496 3662 1618 3745 suadet,

95 3779 315 3856 deliramentis
341 3778 503 3857 abstinuit.
534 3787 645 3878 ltaque
672 3788 765 3858 modo
792 3788 869 3862 deos
895 3809 964 3858 esse
992 3793 1097 3876 negat,
1125 3785 1219 3857 modo
1244 3787 1290 3887 ad
1314 3774 1451 3875 priscam
1470 3785 1619 3876 pictatem

97 3903 196 3986 redit;
230 3905 325 3975 modo
352 3906 497 3977 homines
525 3910 592 3998 pari
620 3911 689 3979 iuro
723 3907 894 3992 essesut,
923 3906 1016 3978 modo
1043 3928 1151 3978 servos
1182 3915 1212 3976 et
1246 3904 1398 3976 barbaros
1431 3906 1618 4003 insectatum

98 4027 204 4094 sarias
231 4024 489 4117 philosophorum
517 4027 701 4120 disciplinas
727 4027 886 4112 delibavit,
915 4025 1242 4128 nullamconstanter
1263 4015 1422 4118 'sequutus
1449 4033 1507 4094 est.
1535 4022 1625 4118 erac

100 4145 312 4217 inconstantia
345 4167 408 4217 uon
440 4149 510 4217 eius
544 4147 673 4238 quidem
708 4149 850 4239 propria,
885 4149 940 4218 sed
976 4148 1115 4220 omnium
1144 4148 1210 4216 lere
1236 4143 1418 4236 aequalium
1445 4145 1625 4214 communis

101 4265 170 4348 tuit,
201 4284 298 4353 quum
327 4269 502 4338 certamina
528 4277 560 4338 et
586 4271 801 4339 contentiones
830 4289 893 4340 non
922 4268 1015 4338 modo
1044 4270 1125 4337 inter
1151 4267 1301 4336 adversas
1330 4273 1435 4354 partes
1453 4265 1509 4334 sed
1534 4265 1626 4333 etiarn

102 4385 132 4453 io
162 4383 365 4458 interioribus
393 4386 564 4458 multorum
591 4389 756 4460 hominum
784 4390 897 4459 animis
925 4387 1081 4457 arderent.
1110 4384 1226 4455 Eadem
1255 4394 1361 4456 nostro
1389 4403 1515 4474 quoque
1551 4394 1630 4454 tem*

26 4511 28 4596 ζ
104 4523 182 4594 pore
209 4505 372 4582 ridemus:
399 4516 472 4578 sunt
499 4509 584 4578 euim
611 4508 790 4599 complures
816 4510 898 4580 inter
925 4516 1033 4579 vetera
1054 4527 1091 4577 ac
1110 4525 1189 4576 nora
1207 4515 1363 4589 nutantes,
1384 4503 1436 4594 qui
1456 4505 1630 4575 contrarius

106 4643 156 4693 res
184 4632 304 4696 temere
332 4627 518 4699 conciliatas
544 4626 604 4698 sihi
631 4628 825 4719 persuadere
852 4636 1005 4699 conentur
1032 4635 1063 4697 et
1089 4626 1223 4696 honesta
1250 4623 1385 4714 quadam
1422 4624 1632 4693 inconstantia

30 4787 33 4848 ἑ
107 4752 329 4834 susceptarum
351 4748 508 4817 rationum
536 4756 680 4819 extrema
707 4746 847 4820 moribus
875 4758 906 4818 ct
933 4757 1063 4818 naturae
1089 4747 1270 4816 sinceritate
1297 4744 1452 4814 reiiciant.
1543 4757 1549 4764 ’·

160 4857 327 4954 Utcunque
354 4876 411 4952 cst,
447 4866 501 4938 uhi
529 4867 689 4957 Euripidis
711 4869 898 4939 sententias
926 4888 986 4938 non
1022 4865 1063 4936 ad
1097 4866 1295 4935 subtiliorem
1322 4884 1429 4934 rerum
1457 4863 1633 4935 doctrinam

110 4983 164 5053 scd
192 4983 232 5053 ad
260 5003 352 5057 usnm
391 4987 473 5057 ritae
506 4989 639 5077 eiusque
673 4989 784 5076 aetatis
811 4990 948 5057 rationes
991 4986 1149 5070 retuleris,
1183 4985 1266 5088 haud
1294 4985 1359 5053 scio
1387 5004 1426 5053 an
1455 4985 1636 5074 quisquam,

110 5103 192 5193 quod
222 5099 334 5176 Graeci
354 5116 518 5197 poetarum
539 5113 657 5179 munus
673 5107 971 5198 interpretabantur,
990 5127 1028 5177 eo
1047 5099 1165 5176 rectius
1186 5103 1310 5174 iunctus
1327 5105 1368 5173 sit
1386 5112 1425 5187 et,
1446 5123 1508 5192 qua
1522 5092 1638 5186 iloroit,

111 5225 283 5314 sapientiae
311 5224 404 5297 lirude
431 5226 556 5316 dignior
582 5227 749 5301 exstiterit.

1048 5430 1242 5505 rainonem
1270 5427 1436 5501 hanutum.
