4010 6172
1063 316 1262 383 ..30-

453 471 614 541 Hactenus
641 471 681 540 de
708 471 888 559 eloquentia
916 468 1059 559 populari
1087 489 1125 536 ac
1151 469 1290 550 lorensi;
1317 476 1389 538 suut
1417 477 1580 554 praeterea
1615 466 1768 537 nonnulla
1806 487 1923 536 memo·

404 600 474 660 ratu
501 591 608 678 digna,
637 610 719 679 quae
746 589 787 658 ad
816 609 1015 660 communem
1042 591 1194 658 orationis
1229 610 1321 658 usum
1349 592 1534 678 pertineant.
1573 585 1619 656 dc
1654 588 1809 677 primum,
1840 588 1922 675 quod

402 711 434 779 in
463 710 630 800 proverbio
657 719 743 794 erat,
772 730 829 779 nec
859 707 956 779 verba
984 729 1042 778 nec
1069 709 1131 777 tela
1166 711 1282 777 emissa
1316 709 1449 777 redeunt
1474 707 1515 800 [r.
1552 709 1660 776 t03t.
1703 705 1820 776 Multae
1855 706 1923 774 lites

402 833 482 899 inter
508 830 656 898 mortales
683 830 789 916 lingua
817 838 984 910 seruntur;
1012 841 1121 897 careat
1148 831 1276 918 sapiens
1305 849 1343 895 ne
1371 829 1479 916 iurgiis
1507 847 1578 896 cum
1607 827 1717 894 amicis
1755 825 1922 894 contendat

401 948 497 1019 Andr.
535 949 631 1020 ola
654 949 782 1018 Scelere
809 958 839 1016 et
877 950 993 1036 flagitia
1032 948 1157 1017 silentio
1192 948 1327 1019 obruere
1356 956 1492 1037 praestat
1530 945 1640 1015 Trood.
1673 944 1755 1014 38t.
1785 947 1922 1014 Honesta

405 1091 509 1140 coram
539 1068 654 1160 populo
682 1070 823 1159 prolerre
850 1069 1014 1137 honestum
1044 1066 1137 1159 Hipp.
1166 1069 1248 1137 cto.
1267 1069 1431 1136 latendum
1461 1067 1554 1156 loqui,
1584 1067 1662 1135 alias
1684 1076 1790 1134 tacere
1810 1065 1922 1133 melius

402 1199 450 1262 est
478 1188 531 1258 Or.
561 1190 644 1257 638.
671 1188 843 1257 Stultorum
873 1198 919 1256 ost
940 1187 1088 1259 omnibus
1103 1209 1193 1257 suam
1207 1196 1323 1257 sortem
1342 1188 1518 1276 patefacere
1535 1185 1580 1278 fr.
1619 1188 1702 1254 557.
1723 1186 1777 1253 Est
1795 1187 1921 1273 quando

400 1309 476 1379 laisa
500 1311 588 1377 ‘veris
621 1309 767 1396 propiora
802 1309 880 1387 sint;
918 1307 972 1376 sed
1003 1307 1099 1375 multa
1134 1329 1191 1376 usu
1221 1309 1352 1376 ueniunt
1379 1327 1399 1375 a
1425 1308 1508 1375 veris
1534 1304 1738 1374 abhorrentia
1763 1303 1805 1396 fr.
1838 1301 1922 1372 loo.

399 1427 493 1498 Nulla
519 1429 647 1514 linguae
675 1435 759 1496 certa
794 1427 890 1508 lides3
918 1427 1001 1496 valet
1035 1427 1164 1514 quidem
1199 1427 1303 1495 aliena
1340 1425 1586 1528 reprehendere,
1622 1428 1688 1514 ipsa
1723 1443 1798 1494 vero
1826 1424 1923 1492 multa

400 1547 458 1618 sibi
487 1549 567 1638 parit
594 1547 677 1616 nrala
704 1545 800 1636 Hipp.
831 1548 912 1615 395.
943 1545 1045 1615 Verba
1074 1547 1188 1630 verbis,
1217 1549 1298 1615 iacta
1316 1548 1404 1615 lactis
1433 1547 1651 1635 rependuntur
1676 1542 1718 1636 fr.
1740 1545 1822 1616 882,
1842 1545 1920 1612 Sunt

399 1669 453 1758 qui
481 1665 596 1738 acerbe
625 1666 709 1735 diota
736 1686 793 1755 per
820 1665 989 1736 ridiculum
1019 1668 1148 1748 iactent;
1176 1667 1379 1761 uituper·andi
1407 1675 1481 1735 sunt
1502 1668 1553 1754 qui
1581 1664 1691 1753 lingua
1714 1665 1919 1733 immoderate

401 1797 530 1857 utantur
546 1786 588 1878 fr.
609 1784 690 1855 tuo.

449 1907 539 1991 Quae
576 1907 729 1975 hacteuus
766 1904 928 1974 attulimus
964 1907 1040 1972 satis
1072 1906 1238 1974 ostendere
1273 1904 1419 1973 videntur
1460 1904 1643 1995 Euripidem
1671 1902 1919 1973 Atheniensium

399 2027 443 2097 rei
472 2025 632 2115 publicae,
657 2044 737 2113 quae
764 2033 830 2093 tum
858 2034 934 2109 urat,
963 2026 1035 2092 totis
1062 2024 1182 2093 viribus
1200 2024 1399 2092 adversatum
1420 2044 1499 2092 esne.
1521 2019 1594 2094 Alia
1613 2045 1687 2093 vero
1702 2025 1917 2112 reperiuntur,

399 2144 453 2216 ubi
482 2146 640 2235 popularis
667 2145 789 2233 imperii
817 2146 932 2230 integri.
955 2164 992 2212 uc
1018 2143 1149 2212 modesti
1178 2164 1248 2212 sese
1276 2145 1431 2212 fututorem
1456 2145 1637 2233 prolitetur;
1665 2165 1693 2213 v.
1713 2165 1742 2231 g.
1768 2141 1823 2215 Or.
1847 2141 1916 2210 773

397 2265 598 2335 metuendam
617 2266 660 2332 ait
677 2284 749 2332 esse
768 2263 999 2334 multitudinem
1018 2262 1071 2332 ubi
1090 2261 1129 2330 ab
1146 2261 1297 2351 improbis
1313 2273 1455 2349 rogatum
1476 2265 1611 2330 dlt’troo
1627 2265 1769 2348 χρηστοὺς
1792 2263 1916 2346 λάεσσι,

397 2391 512 2472 χρηστὰ
533 2386 760 2465 βονλεὺονσόἰεί,
785 2391 815 2454 el
838 2382 946 2473 Suppl.
970 2383 1053 2455 238.

819 2625 905 2704 Tpel;
926 2623 979 2700 μὲν
1000 2628 1122 2686 πολιτῶν
1144 2623 1269 2707 μερίδες·
1294 2628 1317 2687 oi
1340 2625 1394 2701 μὲν
1417 2627 1507 2688 έλὸιοι

820 2747 977 2830 ἀνωφελέῑς
997 2767 1028 2806 τε
1051 2745 1187 2805 πλειὸνσον
1209 2745 1319 2825 τ’ὲρῶσ’
1333 2746 1393 2806 ἀεῖ·

819 2853 843 2925 οἷ
865 2861 942 2926 δὀὐκ
965 2863 1079 2944 ἔχοντες
1101 2862 1147 2926 καὶ
1170 2863 1348 2946 σπανίζοντες
1372 2863 1435 2930 Βίου

821 2983 910 3060 δεινοί,
934 2982 1062 3059 νέμοντες
1083 2985 1126 3062 τῷ
1150 2984 1255 3070 φθόνῳ
1277 2983 1358 3044 πλέον
1380 2983 1475 3065 μέρος,

820 3104 848 3175 ἐς
869 3103 932 3172 τοὺς
955 3105 1075 3183 ἔχοντας
1097 3103 1182 3185 κέντρ’
1207 3107 1322 3190 ἀφιᾶσιν
1346 3104 1419 3165 κακά

817 3223 967 3305 γλώσσαις
990 3225 1115 3305 πονηρῶν
1137 3227 1300 3304 προστατῶν
1322 3223 1509 3309 φηλούμενοι·

816 3347 900 3425 τριῶν
922 3341 952 3404 δέ
973 3346 1079 3424 μοιρῶν
1102 3344 1158 3403 ri’r
1181 3343 1262 3423 μέσῳ
1287 3341 1372 3424 σώζει
1395 3343 1491 3412 πόλεις

816 3462 918 3538 κόσμον
940 3463 1111 3548 φνλάσσονσ’
1125 3463 1205 3525 ἑέντιν1
1223 3461 1257 3523 ἂν
1279 3461 1352 3542 τάξῃ
1375 3462 1465 3530 πόλις.

448 3698 522 3767 lude
549 3701 715 3770 conficitur
743 3697 927 3787 Euripidem
954 3708 1111 3768 extremas
1138 3699 1269 3768 civitatis
1297 3708 1410 3786 partes,
1438 3697 1628 3769 nobilitatem
1648 3707 1678 3768 ot
1697 3696 1907 3788 plebeculam,

394 3819 505 3888 eodem
532 3821 637 3889 animo
665 3819 850 3908 repudiasse
877 3827 909 3889 et
935 3818 1066 3888 salutem
1096 3821 1138 3888 rei
1166 3816 1312 3909 publicae
1342 3820 1493 3898 inmedio
1512 3819 1648 3908 quodam
1667 3821 1785 3889 civium
1805 3819 1913 3887 ordine

394 3919 546 4027 posuisse,
575 3943 630 4028 otri
659 3959 716 4008 nec
743 3940 868 4010 lunaria
894 3938 1041 4007 diffluens
1069 3958 1128 4007 nec
1156 3937 1394 4011 necessitatibus
1417 3940 1543 4026 fructus,
1565 3940 1722 4008 modestia
1759 3939 1912 4008 industria

284 4064 298 4148 j
393 4060 507 4128 virtuto
533 4059 665 4148 reliquis
692 4067 862 4148 praestans,
894 4061 936 4126 rei
957 4056 1103 4186 publium
1124 4059 1314 4146 aequitatem
1332 4067 1484 4131 servaret.
1504 4057 1574 4143 Quo
1593 4061 1625 4126 in
1646 4079 1763 4147 genere
1789 4059 1916 4127 luerunt

401 4198 547 4265 agrorum
576 4179 698 4249 incolae
724 4199 760 4248 ac
788 4199 995 4267 possessores,
1024 4179 1145 4266 integra
1173 4187 1204 4247 et
1228 4176 1342 4247 sollers
1369 4177 1544 4260 multitudo,
1573 4181 1662 4248 cuius
1689 4199 1793 4248 mores
1814 4180 1914 4246 incor-

395 4301 488 4387 rupti,
526 4300 655 4388 pristina
691 4318 767 4386 erga
803 4300 935 4388 patriam
972 4307 1003 4366 et
1034 4277 1227 4388 propi'nquos
1256 4300 1362 4386 pietas·
1393 4297 1536 4367 Eandem
1564 4299 1752 4367 modestiam
1783 4317 1854 4387 prae
1884 4317 1914 4364 se

393 4419 452 4486 lert
477 4415 590 4487 Atreus
619 4417 684 4487 tilio
712 4419 804 4487 etiam
835 4426 901 4490 tum
928 4416 1162 4487 adolescentulo
1191 4419 1523 4514 imperiumtradens:
1551 4417 1665 4500 «Noli,
1692 4420 1804 4507 inquit,
1829 4415 1915 4506 plebi

394 4557 550 4606 summanr
578 4541 734 4628 potentiae
762 4547 793 4606 et
821 4539 1015 4607 auctoritatis
1041 4540 1224 4627 permittere
1253 4558 1355 4626 neque
1383 4558 1451 4606 eam
1481 4558 1595 4606 vexare
1624 4535 1776 4607 divitibus
1809 4539 1912 4605 omnia

394 4656 544 4726 tribuens.
573 4657 642 4728 Noli
670 4678 741 4730 eum
771 4656 942 4746 erpellere,
970 4659 1001 4726 in
1029 4678 1090 4748 quo
1120 4657 1255 4747 populus
1282 4657 1377 4726 fidem
1397 4643 1599 4746 collocaverit
1618 4678 1723 4749 neque
1740 4646 1912 4726 horroribus

393 4797 431 4846 ao
470 4780 608 4867 potentia
648 4779 780 4847 nimium
819 4798 945 4866 augere,
981 4797 1020 4845 no
1054 4798 1095 4846 on
1121 4779 1195 4846 'cive
1228 4787 1377 4866 tyrannus
1405 4778 1527 4846 evadat.
1564 4779 1598 4846 Si
1641 4779 1712 4868 quis
1756 4779 1913 4846 immerito

282 4957 286 4962 .
393 4896 552 4982 attollitur,
579 4918 652 4967 eum
680 4899 834 4988 repr·ime;
862 4895 1017 4966 malorum
1045 4897 1128 4965 enim
1157 4897 1320 4966 hominum
1348 4897 1483 4967 solicitas
1511 4896 1640 4967 morbus
1668 4905 1715 4966 est
1742 4898 1909 4966 ciuitatis»

323 5090 326 5095 .
387 5011 429 5104 fr.
459 5017 543 5088 628.
589 5051 593 5059 ·
1151 5004 1153 5009 ’
1738 5030 1742 5037 ·

442 5135 580 5206 Fuerunt
607 5135 739 5206 Athenis
767 5140 822 5229 qui
849 5137 992 5228 populari
1021 5137 1147 5208 licentia
1187 5138 1342 5226 perterriti
1388 5134 1563 5206 libertatem
1605 5137 1838 5206 extenuandam
1887 5145 1916 5207 et

303 5342 304 5346 ρ
393 5257 713 5326 Lacedaemoniorum
738 5257 860 5346 legibus
888 5279 953 5327 rom
981 5257 1417 5352 publicam'constituoudam
1454 5265 1630 5326 censerent.
1655 5256 1800 5348 Euripidi
1840 5259 1918 5326 vitia

329 5409 330 5412 ¹
391 5383 422 5444 et
447 5377 590 5466 pericula
617 5377 777 5468 popularis
805 5379 928 5466 imperii
957 5399 1019 5448 non
1048 5380 1214 5468 ignoranti,
1243 5377 1332 5462 tides,
1361 5397 1454 5468 quam
1483 5375 1617 5446 libertati
1644 5375 1794 5462 habebat,
1831 5398 1915 5447 nuu-
