4010 6172
734 329 933 402 ..23-

73 477 170 549 rebus
202 476 372 552 studebant
407 481 476 552 sine
508 477 573 550 ullo
604 480 786 554 discrimine
819 485 850 554 in
878 484 993 555 invidia
1024 485 1152 555 fuerunt
1179 493 1210 554 et
1245 485 1276 554 in
1315 481 1459 553 bomiues
1486 475 1601 586 summi

74 599 310 690 incorruptiqne
346 600 485 691 ingenii,
514 608 548 670 ut
582 595 800 692 Anaxagoram
834 613 866 672 et
891 602 1064 690 Socratem,
1101 605 1254 676 saeuitum
1286 612 1343 686 est,
1372 603 1465 672 decet
1491 620 1600 671 eorum

75 720 187 790 laudes
227 721 428 811 praedicare,
470 723 524 813 qui
564 722 653 794 novis
694 723 891 821 temporibus
931 725 1039 800 lirmas
1082 725 1238 822 quasdam
1258 724 1410 804 ,rationes
1446 718 1603 796 subiicere

77 843 179 910 conati
208 848 295 912 sunt.
583 917 591 928 ,

130 960 175 1030 lia
207 961 292 1030 enim
319 962 377 1034 luit
403 963 531 1054 antiqua
556 966 677 1048 civitas,
714 967 766 1037 oui
793 963 918 1052 domus,
946 969 1127 1060 propinqui,
1155 988 1204 1038 res
1230 965 1366 1057 denique
1394 982 1504 1034 omnes
1531 962 1599 1054 pri·

82 1089 226 1152 vatorum
254 1084 445 1172 postpositae
473 1092 588 1156 essent.
623 1085 670 1158 No
702 1083 835 1158 btbenis
871 1086 1012 1176 quidem,
1043 1107 1225 1180 quanquam
1262 1088 1454 1177 privatorum
1483 1083 1601 1154 oirium

80 1199 208 1271 libertas
236 1222 390 1292 unusquam
418 1202 512 1275 latius
538 1206 647 1296 patuit,
675 1214 866 1278 commutata
893 1217 965 1278 sunt
992 1206 1199 1279 fundamenta
1225 1208 1371 1286 civitatis,
1394 1204 1479 1276 unde
1498 1205 1603 1274 omnia

80 1322 150 1391 iura
184 1320 364 1392 manabant.
399 1322 435 1392 Et
469 1325 617 1414 quoniam
650 1327 792 1396 ciuitates
830 1328 969 1416 angustis
996 1325 1174 1419 plerunque
1209 1324 1324 1398 linibus
1350 1322 1601 1408 continebantur,

79 1443 165 1511 cives
192 1442 310 1512 maiore
337 1450 368 1511 et
393 1445 522 1514 caritate
549 1453 580 1516 et
606 1445 739 1518 utilitato
757 1461 834 1518 suae
860 1449 993 1537 quisque
1012 1451 1132 1538 patriae
1151 1447 1290 1518 devincti
1310 1455 1408 1516 erant.
1438 1445 1603 1514 Praeterea

79 1560 241 1630 veteribus
274 1563 424 1633 institutis
451 1566 498 1634 rei
535 1563 682 1655 publicae
708 1585 746 1636 ea
774 1568 875 1638 iuerat
902 1587 973 1638 oum
1002 1566 1096 1638 rebus
1132 1567 1245 1637 divinis
1281 1574 1434 1656 perpetua
1469 1565 1603 1633 societas

80 1688 253 1751 uteorum
280 1685 451 1752 auctoritas
491 1685 604 1774 pietate
638 1686 775 1776 quadam
811 1697 842 1756 et
873 1689 1036 1756 sanctitate
1063 1687 1310 1757 confirmaretur.
1340 1682 1603 1772 Quamobrem

81 1802 198 1871 caritas
225 1822 301 1889 erga
327 1804 459 1893 patriam
486 1805 518 1871 in
546 1806 660 1874 animis
687 1804 881 1876 Graecorum
908 1809 1031 1896 penitus
1059 1804 1253 1889 inhaerebat,
1272 1807 1365 1875 cuius
1390 1802 1605 1894 pulcherrima

82 1919 273 1991 documenta
301 1923 363 1990 iam
389 1923 472 2011 apud
500 1923 674 1994 Hoxerum
702 1929 901 2017 reperiuntur
929 1920 993 2022 (l).
1022 1925 1150 2017 Eadem¹
1169 1945 1206 1994 ex
1234 1925 1393 2014 Euripidis
1419 1920 1525 1992 verbis
1552 1921 1605 2012 pia

81 2060 121 2110 ac
147 2041 320 2111 uehemens
338 2041 459 2124 elucet;
487 2044 516 2112 ei
543 2045 628 2113 enim
656 2047 757 2134 patria
784 2046 923 2115 omnium
944 2065 1047 2114 rerum
1068 2044 1273 2116 dilectissima
1288 2042 1330 2136 fr.
1351 2043 1384 2126 6,
1412 2037 1606 2133 quibuslibet

80 2160 200 2229 divitiis
231 2161 350 2249 portior
376 2171 425 2231 est
447 2159 489 2253 fr.
521 2163 578 2247 td,
609 2165 666 2232 33.
704 2163 907 2254 Flagitiosum
938 2174 987 2234 est
1020 2163 1099 2234 alias
1137 2165 1280 2235 ciuitates
1315 2161 1477 2245 extoliere,
1513 2179 1606 2230 suam

80 2279 262 2369 deprimere
285 2278 329 2372 fr.
346 2278 428 2350 349.
447 2281 521 2351 Eius
540 2285 678 2352 caritatis
703 2285 751 2352 vis
778 2283 884 2354 verbis
903 2286 1080 2374 explanari
1094 2304 1153 2353 non
1183 2291 1284 2386 potest
1301 2280 1414 2352 Pboou.
1438 2278 1527 2362 toc;
1555 2300 1605 2364 ea,

83 2399 271 2470 adversante
299 2401 434 2485 fortuna,
462 2400 555 2472 dulce
593 2403 748 2472 malorum
784 2403 926 2473 solatium
965 2413 1106 2494 superest
1129 2403 1171 2498 fr.
1202 2400 1273 2472 8ld
1310 2422 1347 2472 ac
1376 2409 1441 2471 turn
1469 2400 1606 2470 maxime

88 2519 247 2603 sollicitat,
275 2521 301 2587 si
328 2521 402 2608 quis
429 2523 562 2611 patriam
592 2522 772 2612 relinquere
799 2531 931 2592 conatus
958 2526 1005 2592 sit.
1034 2523 1141 2593 llxsilii
1159 2521 1358 2592 incommoda
1377 2519 1549 2611 praeclaris
1568 2538 1607 2590 ac

81 2635 324 2722 miserabilibus
344 2637 451 2709 verbis
467 2639 698 2711 deseribuntur.
714 2639 864 2715 Omnium
882 2644 1040 2712 maximus
1060 2643 1149 2713 dolor
1168 2649 1215 2711 est
1233 2641 1335 2732 patria
1359 2657 1469 2711 carere·
1485 2638 1527 2733 [r.
1549 2639 1606 2722 30,

86 2755 210 2826 Pboou.
238 2759 322 2838 389,
341 2757 389 2830 dt
420 2757 527 2843 l3ld‚
554 2759 635 2832 Med.
663 2760 748 2849 cta,
776 2763 860 2848 650,
887 2763 926 2832 ad
948 2783 1043 2854 quam
1063 2782 1173 2832 omnes
1200 2781 1272 2852 spes
1292 2761 1438 2832 exsulum
1471 2778 1607 2829 conver·

82 2886 193 2948 tnntur
220 2875 305 2946 Mod.
336 2878 418 2951 328.
436 2877 486 2947 Nil
514 2875 660 2950 acerbius
680 2882 811 2970 cogitari
833 2891 933 2973 potest
949 2902 1043 2973 quam
1072 2891 1161 2953 extra
1187 2883 1306 2972 patriae
1332 2883 1413 2951 fines
1440 2879 1606 2948 humatum

80 2999 137 3080 iri;
166 3017 266 3087 quare
294 2998 461 3090 Polynices
488 3001 626 3071 moriens
652 3009 785 3071 matrem
804 3011 951 3092 precatur
968 3011 1003 3072 ut
1021 3000 1080 3071 sibi
1101 3004 1202 3093 patrio
1222 3004 1254 3071 in
1273 3001 1421 3094 sepulcro
1440 2999 1606 3089 quiescere

80 3120 176 3188 liceat
201 3117 316 3189 Pboou.
347 3115 461 3199 tttt;
489 3118 583 3189 Rbesi
611 3123 724 3210 auriga
751 3123 868 3192 misere
895 3121 1066 3192 exclamat:
1095 3123 1236 3213 opatria
1254 3121 1357 3206 tellus,
1377 3138 1473 3211 quarn
1492 3117 1606 3189 vellem
1696 3173 1698 3177 .

80 3241 112 3306 in
141 3246 195 3309 tuo
220 3239 292 3309 sinu
319 3239 383 3307 rita
409 3238 573 3310 discedere
608 3239 697 3310 lidos.
727 3241 809 3312 869.
851 3239 917 3311 Civi
945 3250 1051 3312 antem
1084 3242 1261 3311 atheniensi
1298 3242 1330 3312 id
1358 3249 1406 3310 est
1432 3239 1605 3309 maximum

79 3360 219 3428 amissae
251 3358 372 3446 patriae
398 3354 630 3443 detrimentum,
658 3362 742 3450 quod
776 3360 920 3432 tacutute
955 3361 1054 3432 libere
1087 3361 1236 3450 loquendi
1264 3362 1414 3450 privatus,
1441 3379 1461 3428 a
1486 3356 1604 3450 quibus

80 3485 233 3568 exceptus
261 3479 363 3562 luerit,
391 3471 655 3571 eorum'ineptiis
682 3479 812 3571 obsequi
844 3489 976 3570 cogatur
1010 3489 1043 3552 et
1070 3499 1232 3551 serrorum
1271 3482 1332 3552 ritu
1367 3500 1443 3550 suae
1474 3487 1607 3549 naturae

79 3602 144 3668 rim
171 3581 300 3684 inferre,
319 3619 383 3690 quo
412 3599 535 3669 utilitati
554 3601 703 3670 inserviat
731 3598 791 3695 (ι).
819 3602 988 3672 Praeterea
1013 3601 1187 3672 multarum
1212 3622 1317 3671 rerum
1344 3620 1418 3691 spes
1444 3599 1605 3670 exsulibus

78 3719 254 3803 blanditur,
281 3735 375 3809 quam
412 3739 474 3790 non
501 3721 669 3805 dimittunt!
689 3722 812 3790 etiamsi
842 3724 968 3792 inanem
995 3720 1261 3812 deprehenderint
1295 3719 1409 3790 Pboou.
1440 3721 1523 3790 390.
1552 3718 1607 3788 Est

79 3839 212 3932 quidem
232 3837 286 3908 ubi
301 3840 422 3928 patriae
439 3839 576 3908 caritatis
594 3838 709 3910 oblitus
723 3860 791 3910 sose
811 3843 905 3910 totins
924 3841 1034 3910 mundi
1052 3841 1156 3910 civem
1181 3843 1341 3930 protessus
1362 3860 1432 3910 esse
1451 3839 1606 3923 rideatur,

81 3980 109 4027 r.
138 3981 171 4048 g.
193 3959 295 4048 patria
321 3967 369 4028 est
395 3978 603 4053 quaecunque
639 3966 721 4029 terra
753 3969 781 4028 te
809 3959 864 4030 alit
895 3959 935 4053 fr.
975 3957 1064 4046 ἨΜ
1103 3980 1229 4030 omnem
1269 3965 1375 4030 adrem
1417 3958 1608 4028 transvolant

79 4099 167 4165 ares,
195 4079 297 4150 omnis
325 4086 408 4148 terra
435 4077 616 4149 bominibus
643 4077 876 4169 praestantibus
903 4081 1001 4170 patria
1027 4089 1076 4151 est
1097 4077 1139 4171 fr.
1170 4076 1278 4149 lddd.
1295 4079 1412 4149 Verum
1431 4078 1509 4147 baec
1533 4096 1607 4168 per-

80 4220 152 4271 rara
180 4218 216 4270 ao
242 4220 449 4290 personarum
468 4200 583 4268 animis
610 4199 851 4269 accommodata
878 4208 992 4288 poetae
1019 4200 1078 4291 tpsi
1107 4198 1276 4270 tribuenda
1302 4217 1362 4266 non
1390 4194 1525 4265 arbitror
1542 4189 1608 4293 (3),

78 4340 115 4390 ao
141 4317 243 4389 multo
270 4318 362 4407 plura
388 4327 471 4402 sunt,
498 4317 552 4388 ubi
580 4319 667 4388 eires
695 4317 745 4387 vel
763 4320 880 4409 privata
898 4317 1102 4389 utilitate·rel
1121 4319 1290 4387 lactionum
1310 4317 1423 4387 studiis
1441 4317 1607 4386 distractos

78 4439 257 4510 officiorum
270 4457 345 4527 erga
363 4440 498 4528 patriam
517 4435 695 4508 admoneat.
715 4434 897 4526 lugebatur
915 4440 999 4508 enim
1027 4457 1178 4508 numerus
1199 4457 1320 4521 eorum,
1346 4441 1398 4526 qui
1422 4435 1513 4507 utiles
1531 4433 1601 4518 sibi,

112 4741 147 4810 (lt
166 4737 289 4795 Videin
307 4737 407 4810 primis
426 4739 474 4794 Od.
499 4736 615 4809 ι27-36,
635 4737 684 4794 ubi
713 4739 810 4797 Ulixes
841 4739 955 4812 opibus,
975 4739 1095 4810 divitiis,
1115 4739 1243 4812 calipsus
1261 4737 1350 4794 amori
1370 4742 1400 4795 et
1430 4735 1523 4793 Circes
1542 4736 1607 4794 ille·

78 4825 173 4882 cebris
192 4823 313 4894 patriam
331 4839 364 4879 ac
382 4835 516 4894 parentes
534 4824 696 4894 anteponit.
714 4824 747 4881 V.
766 4831 796 4881 et
814 4824 901 4897 Soph.
920 4825 948 4883 0.
971 4826 995 4880 d.
1015 4824 1075 4880 tta.
1366 4827 1367 4832 ’

112 4911 145 4978 (ιι
165 4909 282 4966 Scimus
300 4912 417 4980 iao-popter
435 4915 464 4966 et
480 4917 612 4980 suppactus
631 4896 678 4963 ita'
689 4919 900 4966 consentaneas
917 4909 1007 4966 fuisso
1027 4909 1157 4967 moribus
1171 4908 1405 4994 Atheniensium²
1421 4914 1454 4962 ut
1465 4909 1607 4978 peregrini

79 5010 111 5050 ao
130 4994 209 5053 serui
227 4995 313 5050 modo
331 5009 392 5050 non
411 4993 472 5065 pari
490 5010 557 5051 eum
576 4994 686 5052 civibus
704 4995 844 5051 orationis
857 4995 920 5051 iure
938 4999 1100 5051 uterentur.
1119 4993 1266 5052 Demosth.
1287 4994 1354 5048 Patr.
1373 4991 1400 5063 3,
1413 4992 1428 5047 3
1442 4992 1483 5046 ait
1498 4998 1607 5048 tantam

78 5081 169 5138 luisse
188 5079 278 5136 serris
296 5078 442 5136 licentiam
463 5078 612 5150 loquendi,
627 5084 736 5152 quanta
753 5096 813 5137 non
832 5079 900 5151 ipsis
917 5079 1032 5136 civibus
1050 5079 1178 5136 aliarum
1196 5078 1357 5135 civitatum.

113 5166 145 5236 (3)
164 5165 242 5222 Haeo
263 5165 376 5236 saepius
403 5170 575 5236 repetuntur
597 5171 618 5220 ‘a
645 5163 859 5236 posterioribus.
878 5165 1044 5236 Euripidem
1071 5165 1203 5221 imitatus
1227 5171 1272 5222 est
1298 5163 1378 5232 tivid,
1401 5166 1469 5219 dest.
1490 5164 1513 5236 t,
1540 5163 1606 5220 49³:

81 5275 91 5302 ι
110 5266 199 5308 omne
216 5250 311 5306 solnm
329 5250 396 5307 forti
420 5248 513 5322 patria
541 5255 573 5307 ut
598 5249 725 5322 piscibus
743 5266 859 5323 aequor,
886 5255 919 5306 ιιι
940 5249 1050 5306 volucri
1068 5265 1161 5307 raone
1179 5249 1319 5322 quidquid
1339 5250 1370 5304 in
1394 5247 1463 5306 orbe
1482 5252 1562 5318 patet
1581 5270 1606 5304 ο.

77 5336 128 5393 Ubi
148 5336 224 5392 bena
242 5334 281 5392 ibi
290 5336 393 5408 „patria
410 5335 511 5391 tritum
534 5334 590 5392 fuit
618 5350 751 5393 sermone
778 5335 972 5408 prouerbium.
994 5335 1048 5393 Gir.
1068 5335 1164 5394 Horat.
1183 5351 1265 5391 carm
1286 5335 1311 5407 t,
1329 5333 1353 5398 7,
1381 5333 1431 5391 ubi
1452 5333 1605 5408 renerum,

78 5420 229 5478 Salamina
244 5409 379 5493 eiectum,
395 5420 565 5494 loquentem
586 5420 661 5478 faeti.
