3986 6172
1052 323 1102 338 ..
1130 285 1177 356 38
1208 322 1253 338 ..

397 435 510 524 potius,
545 434 664 506 liberae
698 438 809 526 gentis,
844 438 876 506 in
906 435 1061 506 barbaros
1096 446 1127 506 et
1159 447 1267 508 seruos
1303 438 1415 508 iustius
1451 438 1618 526 imperium
1651 433 1720 528 Ipb.
1745 432 1782 505 A.
1814 431 1932 516 tlon,

426 555 525 624 siti
602 610 608 624 .

391 551 509 745 [γόοιό
547 548 626 745 babo
661 677 852 747 communia.
891 675 1048 745 Interdum
1083 699 1155 748 uero
1196 687 1287 770 poeta
1322 697 1392 748 sese
1423 677 1516 746 altius
1550 675 1673 747 extollit
1701 695 1739 746 ac
1764 675 1836 744 sine
1857 674 1929 744 ullo

396 790 604 868 barbarorum
626 795 881 888 Graecorumque
905 795 1086 867 discrimine
1113 799 1310 870 sodalitatem
1335 794 1495 889 quandam
1517 797 1705 887 sapientium
1739 814 1812 866 esse
1844 814 1931 864 cou-

398 913 498 982 mmr
528 911 568 1005 p.
602 915 686 986 aot.
1989 901 1990 916 '

821 1115 905 1203 copia
926 1115 985 1199 γὰρ
1008 1113 1101 1196 ἄνδρα,
1124 1115 1177 1177 κόιν
1199 1113 1266 1188 ἑκὰς
1288 1113 1348 1194 reip
1370 1083 1489 1194 γιδονός,

820 1233 871 1296 κᾶν
892 1235 996 1310 μόποτ’
1022 1231 1109 1304 ὄσσοις
1132 1233 1235 1311 atrito,
1257 1233 1341 1316 κρίνοι
1363 1231 1459 1319 φίλον.

445 1423 493 1495 dd
520 1423 671 1496 barbaros
695 1432 799 1494 antem
825 1435 857 1494 et
883 1445 921 1496 ea
946 1447 1027 1520 quae
1053 1426 1166 1499 Graeci
1194 1429 1235 1499 do
1261 1431 1360 1499 serris
1387 1430 1542 1500 sentirent
1568 1427 1736 1498 referenda
1756 1435 1842 1498 sunt.
1862 1424 1929 1494 llic

395 1543 473 1614 nibil
505 1547 616 1614 attinet
649 1542 857 1634 comprobare
890 1547 1050 1616 servitutis
1089 1549 1226 1639 origines
1265 1549 1335 1618 iure
1360 1547 1436 1618 belli
1478 1549 1633 1618 contineri
1668 1555 1701 1616 et
1726 1543 1922 1616 humanitati

395 1661 587 1734 Graecorum
621 1684 826 1754 repugnasse.
864 1664 897 1734 ld
933 1666 1026 1736 modo
1060 1669 1231 1739 tenendum
1263 1677 1326 1750 est,
1358 1669 1566 1758 praecipuum
1609 1666 1770 1738 seruitutis
1807 1663 1929 1736 lunda-

397 1787 539 1852 me'utum
568 1783 597 1850 in
626 1803 664 1854 ao
690 1803 761 1853 esse
787 1784 1023 1876 quaerendum,
1061 1787 1145 1878 quod
1190 1784 1303 1858 Graeci
1330 1789 1481 1857 sentirent
1507 1807 1578 1856 sese
1604 1787 1718 1856 mirum
1763 1793 1926 1878 quantum

398 1899 541 1972 barbaris
568 1912 728 1992 praestare
754 1923 891 1996 eamque
918 1905 1013 1976 luisse
1040 1902 1181 1976 ueterum
1210 1907 1371 1977 civitatum
1401 1908 1563 1992 rationem,
1591 1907 1681 1975 utin
1712 1904 1784 1974 dies
1820 1905 1930 1990 magis

396 2022 545 2093 seruitute
579 2023 752 2092 niterentur
786 2017 850 2119 (2).
886 2024 1062 2095 Priscorum
1097 2046 1206 2113 regum
1247 2043 1285 2094 ac
1320 2035 1528 2116 tyrannorum
1563 2021 1756 2114 temporibus
1798 2023 1931 2092 fuerant

374 2140 526 2236 cuidem
553 2143 648 2226 serui,
676 2152 708 2212 at
736 2144 816 2212 vitae
843 2145 1002 2213 communi
1032 2145 1169 2216 nondum
1199 2147 1386 2228 necessarii;
1414 2144 1569 2215 interdum
1596 2141 1717 2214 civibus
1744 2161 1786 2212 ue
1809 2162 1930 2211 seruos

398 2260 519 2331 alerent
545 2262 747 2332 interdictum
775 2271 825 2331 est
852 2259 915 2355 (3).
942 2263 1003 2332 Sed
1034 2263 1174 2334 libertate
1192 2274 1366 2357 propagata
1392 2285 1454 2334 non
1475 2264 1616 2334 licuisset
1640 2263 1780 2354 proiecto
1798 2260 1931 2332 civibus

397 2381 438 2450 ad
458 2402 522 2451 rem
544 2380 713 2471 publicam,
732 2381 773 2450 ad
791 2381 883 2465 bolla,
902 2382 941 2450 ad
960 2403 1128 2472 corporum
1149 2393 1244 2476 atque
1256 2385 1433 2455 animorum
1453 2382 1573 2461 cultum
1587 2391 1771 2473 perpetuam
1789 2401 1927 2472 operam

400 2499 560 2583 adbibere,
588 2501 647 2570 nisi
667 2502 800 2570 inissent
818 2502 871 2593 qui
892 2521 984 2591 agros
1004 2501 1152 2584 colerent,
1171 2503 1307 2572 artificia
1325 2512 1519 2586 exercerent,
1536 2501 1716 2571 domesticis
1736 2500 1923 2570 ministeriis
1989 2583 1990 2594 γ

401 2619 615 2708 iungerentur*
634 2614 698 2717 (4).
730 2620 840 2712 ltaque
866 2623 1001 2690 servitus
1032 2623 1064 2691 in
1100 2621 1238 2692 moribus
1268 2618 1463 2693 Graecorum
1494 2631 1557 2690 tam
1590 2622 1717 2713 ponitus
1748 2621 1922 2689 inuetera-

401 2748 499 2824 verat‚
528 2747 562 2808 ut
579 2740 695 2809 iustum
714 2759 752 2810 ac
770 2740 920 2830 populare
940 2739 1109 2812 baberetur
1127 2762 1234 2811 servos
1255 2743 1285 2812 in
1304 2740 1433 2812 iudiciis
1448 2742 1587 2834 torqueri
1607 2748 1639 2810 et
1656 2740 1834 2810 excruciari
1857 2731 1928 2834 (ὃ),

398 2867 429 2934 et
455 2859 588 2928 seruitus
616 2858 796 2929 bominibus
823 2859 873 2930 vel
901 2862 1141 2950 sapientissimis
1161 2871 1293 2932 naturae
1311 2871 1523 2932 consentanea
1551 2879 1621 2930 esse
1642 2859 1814 2930 videretur.
1835 2858 1926 2928 Plato

398 2999 500 3048 asua
527 2977 690 3069 republica
716 2999 824 3049 servos
849 3000 910 3050 nnn
938 2980 1070 3051 exclusit
1095 2990 1125 3049 et
1151 2980 1262 3051 liberis
1288 3001 1326 3052 ao
1353 2983 1453 3051 seruis
1479 2981 1622 3052 diuersas
1640 2981 1730 3070 leges
1748 2979 1924 3049 constituit.

398 3097 508 3189 Neque
536 3096 718 3168 Aristoteles
745 3100 914 3189 perlectam
941 3101 1072 3171 domum
1098 3102 1167 3169 sine
1194 3102 1292 3171 serris
1311 3110 1416 3172 mente
1443 3100 1677 3191 complectitur;
1695 3099 1752 3170 sed
1773 3100 1929 3191 quoniam

397 3216 521 3290 fuerant
546 3218 599 3310 qui
627 3226 737 3288 contra
762 3220 945 3290 servitutem
973 3219 1207 3305 reclamassent,
1236 3241 1275 3292 ex
1304 3222 1372 3311 ipsa
1391 3230 1502 3291 natura
1523 3222 1661 3313 eiusque
1679 3217 1926 3310 disparitatibus

398 3335 586 3425 argumenta
612 3333 692 3427 petii
714 3338 755 3408 ad
782 3341 1001 3409 necessitatem
1028 3341 1187 3410 seruitutis
1213 3338 1483 3431 comprobandam
1512 3334 1573 3437 (6).
1601 3337 1652 3409 dit
1674 3341 1760 3409 enim
1779 3337 1923 3428 assequi

398 3457 437 3525 ad
465 3457 685 3547 imperandum
717 3459 781 3527 nati
808 3459 879 3544 sint,
907 3459 957 3528 alii
985 3460 1024 3529 ad
1053 3458 1247 3550 parendum,
1279 3480 1382 3553 neque
1414 3461 1477 3531 alio
1506 3468 1594 3550 pacto
1631 3459 1726 3529 ullam
1754 3458 1924 3527 bominum

398 3577 580 3646 societatem
608 3578 684 3666 lingi
712 3597 814 3668 posse.
844 3577 960 3649 Verum
986 3600 1084 3671 quum
1110 3598 1273 3648 seruorum
1303 3591 1415 3650 natura
1441 3599 1504 3650 non
1530 3586 1612 3650 esset
1638 3579 1670 3648 in
1694 3579 1741 3664 iis,
1757 3578 1812 3670 qui
1832 3584 1932 3646 autea
1988 3613 1989 3692 l

399 3693 488 3764 liberi
515 3697 584 3766 iure
611 3694 687 3766 belli
713 3697 743 3765 in
772 3698 954 3768 servitutem
982 3700 1151 3786 uenissent,
1170 3695 1351 3770 Aristoteles
1369 3701 1484 3770 latetur
1511 3719 1572 3768 non
1592 3700 1734 3769 omnium
1753 3715 1926 3768 servorum

398 3815 617 3886 condicionem
647 3826 779 3888 naturae
806 3819 1010 3908 respondere,
1038 3819 1094 3889 sed
1121 3817 1273 3890 barbaros
1298 3821 1518 3891 tantummodo
1545 3829 1659 3889 natura
1694 3838 1805 3889 servos
1840 3819 1944 3908 φύσει·

430 4082 466 4153 (ί)
479 4081 611 4153 Vulgaris
631 4083 701 4141 haec
718 4084 873 4157 sententia,
885 4091 918 4142 ut
929 4100 965 4141 ex
981 4082 1131 4142 Demostb.
1153 4086 1261 4155 otpmt.
1274 4084 1298 4149 3,
1321 4081 1353 4140 24
1372 4079 1577 4153 intelligimus:
1602 4082 1701 4138 ὑπήκοοι
1714 4083 1756 4133 νο
1774 4084 1927 4146 τούτοισιν

397 4173 477 4237 χώραν
487 4168 648 4239 (mereamim)
659 4171 720 4233 ἔχων
731 4171 808 4230 αὐτοῖς
821 4175 969 4240 (Ἀθηναίοις)
986 4175 1096 4243 βασιλεὺς
1115 4173 1257 4244 (Περδίκκας)
1277 4172 1354 4242 ὥσπερ
1374 4171 1421 4222 ἐστὶ
1438 4179 1554 4240 προσῆκον
1572 4173 1693 4240 βᾶρῧαρθί
1711 4171 1823 4227 “uitam

432 4253 466 4320 (2)
485 4253 516 4310 V.
536 4252 655 4311 Beklxeri
674 4254 820 4332 Charicles,
839 4257 886 4328 lu,
900 4276 929 4328 p.
951 4257 961 4311 l
981 4273 1039 4327 sqq.
1396 4261 1399 4268 '

327 4386 333 4394 .
432 4337 463 4404 ί3)
482 4337 562 4396 Suid·
571 4339 616 4411 III,
630 4340 697 4412 μδ)
713 4343 815 4394 tioium
833 4345 1033 4414 τεόΙΙερίοινδρος
1043 4349 1096 4401 τοὺς
1108 4347 1207 4403 πολίτας
1230 4345 1328 4400 δούλους
1345 4349 1443 4394 avarem
1465 4348 1506 4392 καί
1522 4343 1605 4404 σχολὴν
1623 4341 1696 4408 ἄγειν,
1717 4341 1756 4391 όιιί
1773 4361 1826 4393 τινα
1845 4341 1932 4398 αὐτοῖς

397 4425 454 4494 ἔργα
471 4426 614 4496 ἐξευρίσκων.

432 4510 464 4575 (4)
487 4511 523 4567 llo
541 4509 720 4583 potissimum
738 4512 885 4571 servitutis
897 4514 1053 4571 necessitas
1065 4514 1141 4586 apud
1153 4519 1264 4570 veteres
1277 4512 1454 4582 continetur,
1468 4512 1545 4586 quod
1561 4511 1629 4584 ipsis
1642 4510 1793 4568 sordidum
1805 4519 1885 4566 esset
1899 4527 1931 4566 ac

398 4595 543 4653 illiberale
561 4613 702 4655 manuum
721 4599 930 4673 operavictum
950 4600 1122 4672 quaeritare.
1142 4598 1401 4656 Primnsomnium
1432 4598 1572 4663 Socrates,
1596 4602 1740 4670 parantum
1764 4594 1834 4664 scio,
1860 4613 1930 4652 eum
1987 4617 1988 4620 ¹

396 4697 519 4738 errorem
535 4683 716 4756 impugnavit
724 4685 955 4742 etbristarchum
969 4686 1113 4758 quendam
1133 4685 1232 4741 docuit
1244 4683 1341 4741 liberis
1366 4698 1482 4756 quoque
1500 4681 1672 4740 hominibus
1689 4681 1846 4740 honestum
1864 4697 1930 4737 esse

396 4766 669 4827 artificiaexercere.
682 4770 814 4843 Xenoph.
828 4769 907 4825 Mein.
924 4770 949 4841 ί,
967 4771 992 4840 7;
1011 4786 1065 4826 nec
1085 4777 1181 4826 tamen
1200 4785 1326 4826 errorem
1346 4775 1488 4826 vetustate
1505 4767 1723 4828 corroboratum
1743 4766 1910 4838 dissipavit.
1987 4771 1988 4792 ¹

429 4855 461 4920 (5)
482 4853 601 4925 Lycurgi
623 4858 684 4912 adli.
710 4855 916 4911 lineatione
944 4863 983 4906 κοιί
1011 4859 1072 4908 δοκεῖ
1101 4857 1245 4907 δικαιότατον
1269 4861 1308 4907 καί
1331 4857 1454 4920 δημοτικόν
1479 4855 1547 4926 εἶναι,
1566 4855 1622 4906 ὅταν
1642 4859 1729 4906 οἰκέται
1747 4854 1761 4908 ἢ
1780 4859 1928 4922 θεράπαιναι

395 4941 508 4990 συνειδῶσι
520 4941 535 4990 ἃ
547 4943 590 5009 δεῖ,
602 4939 697 5000 τούτους
709 4943 812 5007 ἰλίγχειν
825 4949 863 4992 καὶ
874 4949 1007 5015 βασανίζειν
1025 4949 1064 4993 οιαὶ
1082 4952 1130 4999 τοῖς
1148 4942 1221 5012 ε’ργοις
1239 4945 1334 5006 μᾶλλον
1351 4944 1365 4997 ἢ
1383 4952 1431 4999 τοϊς
1450 4945 1527 5006 λόγοις
1544 4945 1668 4995 πιστεύειν.

429 5025 463 5094 (6)
480 5027 553 5082 Polli.
567 5027 592 5098 i,
610 5027 625 5082 2
643 5031 704 5080 οἰκία
722 5030 745 5078 δε
764 5033 851 5087 τέλειος
862 5031 887 5080 ia
900 5031 987 5081 toties
1000 5031 1178 5098 καὶέλενδίρων
1191 5059 1220 5068 -
1233 5039 1281 5086 τοῖς
1300 5030 1325 5078 δὲ
1338 5035 1403 5097 παρὰ
1421 5032 1486 5098 φύσιν
1504 5034 1531 5080 τό
1550 5030 1661 5092 δεσπόζειν
1679 5028 1771 5095 (δοκεῖ)
1793 5031 1855 5092 νόμορ
1873 5032 1924 5094 γὰρ

395 5117 433 5164 τόν
451 5118 494 5177 μὲν
513 5115 595 5164 δοῦλον
616 5113 674 5165 εἶναι
697 5121 736 5165 τόν
760 5115 919 5185 δ’ίλιύὲιερον,
937 5118 1003 5186 φύσει
1020 5115 1104 5165 δὀὗδὲν
1128 5116 1241 5185 διαρόριιι
1266 5116 1344 5182 διόπερ
1366 5115 1416 5163 οὐδὲ
1435 5116 1538 5164 δίκαιον·
1556 5119 1634 5183 βίαιον
1645 5111 1792 5181 γάρ-ἔστι
1804 5117 1847 5180 γὰρ
1860 5116 1925 5180 ptam

394 5199 472 5255 δοῦλος
483 5201 495 5248 ό
508 5199 632 5262 δυνάμενος
651 5199 728 5250 ἄλλον
747 5198 804 5251 εἶναι
823 5202 856 5251 διό
875 5207 913 5252 καί
932 5199 1010 5252 ἄλλον
1022 5203 1083 5252 ἐστὶν
1096 5205 1136 5250 καὶ
1148 5203 1159 5250 ό
1171 5209 1282 5250 κοινωνῶν
1294 5202 1364 5262 λόγον
1378 5206 1490 5251 τοσοῦτον
1503 5198 1556 5249 ’ὅσον
1568 5200 1718 5248 αἰσθάνεσθαι
1732 5198 1799 5246 ἀλλὰ
1811 5203 1843 5262 μὴ
1855 5199 1925 5260 ἔχειν.

395 5283 493 5352 θαμὸς
511 5288 523 5334 ό
541 5291 582 5350 μὲν
599 5289 644 5354 γάρ
663 5286 744 5344 δοῦλος
761 5286 820 5344 ὅλως
838 5287 877 5339 οὐκ
896 5285 944 5350 ἔχει
962 5293 989 5336 τό
1007 5289 1165 5357 βουλευτικόν.
1185 5282 1239 5338 Gfr.
1266 5283 1450 5355 Sobillerum‚
1469 5284 1515 5339 Die
1534 5284 1614 5338 Lchrd
1639 5284 1683 5337 des
1702 5283 1854 5336 At'isioieles
1875 5297 1925 5336 volt

392 5370 440 5424 sier
456 5371 599 5443 Salmonei,
618 5371 729 5444 dalcae.
755 5372 830 5444 4847,
854 5377 883 5428 et
909 5369 1145 5440 Steiuheimium‚
1163 5371 1316 5426 Aristoteles
1334 5370 1415 5426 eebor
1440 5371 1470 5424 di
1494 5370 1644 5437 situnensi,
1663 5369 1761 5424 Ηοιιιό.
1789 5366 1867 5424 185³.
