4010 6172
1083 342 1285 413 ..42..

428 514 596 585 moresque
623 495 791 564 hominum
828 495 1014 583 pertineant,
1050 514 1105 563 nos
1138 496 1217 564 haec
1246 495 1442 584 potissimum
1476 502 1634 563 sociantes
1668 495 1699 561 in
1740 495 1776 560 iis
1804 491 1955 582 pluribus
1994 517 1995 552 r

427 614 530 685 verbis
558 616 746 685 commorari
776 605 853 684 nihil
869 613 989 702 attinet
1007 607 1069 710 (t).
1089 612 1296 702 Anaxagorae
1323 613 1493 698 δημιουργὸν
1516 618 1577 679 νοῦν
1596 635 1656 684 non
1687 615 1790 702 inepte
1818 632 1955 701 expres-

423 757 494 806 sum
523 737 631 806 volunt
654 734 737 828 frop.
768 734 838 804 5911
867 733 1015 828 Clemens
1044 733 1278 816 Alexandrinus
1305 736 1417 804 Sirena.
1449 738 1480 817 4,
1506 757 1538 826 p.
1569 735 1638 802 111
1669 742 1699 802 et
1720 733 1953 802 Valckenarius

426 855 446 927 l.
474 855 494 924 l.
523 851 586 952 (E).
615 856 679 925 Nec
706 866 808 925 tamen
837 875 907 924 eam
935 865 1130 924 constantem
1159 857 1317 944 quandam
1345 865 1376 925 et
1405 856 1543 945 Euripidi
1567 859 1658 924 unice
1694 863 1877 942 susceptam
1901 853 1952 921 dei

428 977 588 1045 notionem
615 977 711 1045 inisse
739 975 846 1058 credo,
874 995 955 1063 quae
983 976 1022 1042 ad
1051 977 1211 1057 iustitiam,
1242 976 1280 1044 ad
1309 977 1511 1064 aequitatem,
1539 975 1576 1044 ad
1596 977 1760 1044 universas
1780 975 1950 1042 hominum

427 1096 562 1165 rationes
589 1095 798 1164 continendas
826 1115 884 1164 nec
911 1116 967 1183 per
993 1115 1025 1162 se
1054 1097 1128 1163 satis
1171 1105 1291 1182 pateret
1319 1115 1378 1164 nec
1422 1105 1533 1183 poetae
1579 1095 1704 1181 ingenio
1738 1095 1952 1163 satisfaceret.

425 1215 527 1285 Unum
555 1216 641 1284 enim
668 1215 707 1284 de
735 1217 850 1283 virtute
878 1225 1081 1304 pracceptum
1110 1213 1150 1283 ab
1178 1213 1367 1302 Anaxagora
1395 1217 1524 1304 petitum
1553 1213 1687 1300 vitietur,
1716 1213 1769 1283 uhi
1787 1216 1829 1283 ait
1847 1235 1951 1303 prae·

424 1335 629 1404 meditatione
656 1337 833 1404 futurorum
863 1334 1017 1404 malorum
1047 1335 1137 1402 leniri
1166 1356 1274 1403 eorum
1302 1335 1471 1403 adventum
1497 1331 1538 1425 fr.
1578 1333 1649 1401 391
1685 1327 1750 1429 (3).
1784 1333 1818 1402 ld
1849 1335 1954 1420 igitur

425 1474 557 1524 caussae
585 1456 681 1523 irrisse
707 1439 841 1523 arbitror
870 1474 967 1543 quare
995 1453 1148 1544 Euripidi,
1179 1455 1301 1522 tametsi
1331 1453 1549 1540 Anaxagoram
1579 1473 1704 1522 summa
1737 1460 1767 1520 et
1803 1453 1951 1522 admira·

424 1577 508 1644 tione
535 1583 566 1642 et
594 1572 812 1643 benevolentia
839 1571 1100 1663 prosequebatur,
1130 1583 1233 1641 tamen
1262 1575 1330 1641 eius
1367 1573 1529 1642 doctrinae
1562 1572 1680 1641 struibus
1719 1575 1875 1641 contineri
1923 1581 1952 1640 et

423 1695 588 1783 quiescere
616 1712 676 1761 non
706 1692 803 1760 licuit.
831 1692 940 1780 ltaque
969 1712 1023 1778 per
1050 1693 1148 1760 rarias
1187 1691 1369 1781 disciplinas
1401 1691 1601 1760 deferebatur
1633 1691 1746 1779 hospes
1781 1700 1880 1780 atque
1912 1712 1951 1759 ex

420 1813 495 1902 ipsis
522 1811 660 1903 orphicis
686 1813 943 1880 commixtionem
972 1814 1129 1900 quantiam
1159 1813 1290 1880 deorum
1321 1821 1479 1880 mutuatus
1507 1821 1554 1880 est
1583 1811 1644 1904 (4).
1666 1811 1818 1880 Severus
1856 1813 1950 1880 enim

420 1952 458 2000 ac
487 1932 646 2018 religionis
673 1931 834 2000 studiosus
862 1932 918 1999 init
946 1931 1104 2020 Euripidis
1131 1935 1267 2013 animus,
1295 1935 1474 2022 quiquam
1503 1933 1681 2020 opinionem
1728 1933 1858 2000 deorum
1892 1952 1952 1998 an-

420 2053 549 2142 tiquitus
578 2051 721 2121 traditam
752 2052 886 2120 retinere
914 2072 974 2119 non
1005 2060 1121 2140 posset,
1150 2053 1286 2120 sollicita
1312 2073 1387 2120 eura
1417 2055 1460 2119 rei
1507 2060 1570 2119 tarn
1614 2050 1767 2120 obscurae
1795 2059 1824 2120 cl
1850 2053 1948 2138 gravi

421 2171 525 2239 lumen
553 2170 681 2260 aliquod
708 2169 860 2238 adbibere
888 2171 1093 2239 contenderit.
1122 2168 1211 2253 Quod
1241 2192 1339 2258 quum
1369 2171 1536 2239 inleliciter·
1563 2179 1693 2239 conatus
1721 2179 1815 2254 esset,
1847 2173 1948 2238 inter-

419 2291 495 2360 dum
523 2290 562 2359 ad
591 2300 698 2359 vetera
725 2300 755 2358 et
782 2292 962 2358 communia
989 2290 1240 2359 convertebatur.
1269 2290 1334 2359 Nisi
1364 2291 1405 2357 ita
1433 2292 1553 2373 inisset,
1585 2293 1613 2356 in
1653 2291 1778 2360 Prodici
1805 2299 1834 2358 et
1866 2289 1947 2359 Pro-

424 2420 550 2499 tagorae
578 2410 745 2500 disciplina
771 2418 924 2492 versatus,
952 2409 1075 2478 abiecta
1103 2415 1187 2478 omni
1216 2411 1346 2478 denrurn
1376 2430 1462 2493 cura,
1487 2411 1702 2505 sophistarum
1724 2413 1860 2479 rationes
1884 2429 1946 2478 non

303 2587 308 2592 .
420 2549 476 2617 per
504 2531 705 2598 occasionem
733 2530 787 2598 sed
816 2538 995 2598 constanter
1022 2529 1220 2618 amplexatus
1248 2539 1330 2598 esset
1356 2529 1416 2622 (5).
1445 2530 1554 2617 ltaque
1583 2530 1708 2612 frustra,
1729 2530 1834 2613 credo,
1858 2531 1945 2620 apud

419 2649 601 2737 Euripidem
630 2628 789 2717 notionem
818 2648 869 2718 dei
897 2659 1016 2718 certam
1044 2659 1074 2717 ct
1100 2659 1295 2717 constantem
1325 2650 1483 2717 conficere
1511 2669 1672 2728 conamur,
1702 2633 1754 2736 qui
1777 2657 1945 2737 propterea

421 2769 598 2853 lluctuaret,
626 2770 709 2857 quod
738 2768 858 2837 nullam
886 2789 948 2859 non
977 2789 1121 2837 maneam
1150 2779 1244 2858 atque
1274 2770 1411 2857 ineptam
1447 2789 1516 2837 esse
1545 2757 1838 2838 existimaret'Sed
1882 2771 1943 2836 im-

424 2909 568 2957 mensum
597 2887 747 2977 quiddam
782 2898 812 2956 et
847 2887 1067 2976 inexplicabile
1102 2891 1170 2956 eius
1204 2891 1298 2956 menti
1331 2887 1532 2988 obversatum
1561 2908 1630 2956 esse
1657 2908 1694 2956 ex
1724 2887 1939 2977 pulcherrima

422 3027 519 3099 prece
546 3007 739 3096 intelligitur,
765 3027 829 3096 qua
855 2995 949 3076 deum
987 3018 1104 3077 maesto
1136 3011 1241 3077 animo
1278 3010 1412 3090 invocat,
1441 3018 1483 3092 ut,
1517 3008 1667 3077 malorum
1696 3008 1816 3095 origine
1845 3018 1937 3096 pate-

418 3129 509 3210 facta,
538 3138 621 3197 esset
647 3127 815 3218 aliquando
842 3129 1040 3197 miseriarum
1071 3129 1278 3196 humanarum
1307 3129 1379 3197 linis
1405 3124 1447 3218 fr.
1478 3125 1559 3195 90l.

358 3299 368 3307 ,
469 3249 602 3318 Deorum
630 3248 778 3338 opinione
806 3247 1002 3333 labetactata,
1024 3257 1269 3317 consentaneum
1297 3257 1364 3317 erat
1390 3250 1496 3316 omnia
1523 3249 1663 3316 instituta
1690 3247 1827 3329 dissolvi,
1848 3268 1932 3335 quae

416 3387 489 3437 cum
518 3369 671 3455 religione
698 3377 804 3438 essent
829 3369 1012 3450 coniuncta;
1055 3371 1085 3445 in
1133 3369 1240 3456 primis
1268 3369 1504 3439 divinationem.
1535 3366 1593 3435 llic
1639 3387 1764 3456 quoque
1803 3367 1933 3436 videtur

415 3487 581 3577 Euripides
612 3489 745 3575 vestigia
781 3485 987 3575 Anaxagorae
1018 3494 1168 3574 sequutus
1196 3508 1275 3568 esse,
1310 3488 1400 3554 cuins
1429 3484 1734 3575 interpretationibus
1761 3484 1870 3554 dubito
1897 3506 1936 3554 an

415 3608 615 3677 ellicerentur·
651 3628 733 3698 quae
767 3597 869 3677 honus
902 3606 954 3676 ille
991 3607 1175 3675 Plutarchus
1209 3609 1251 3674 ait
1279 3603 1388 3675 Pcrt'cl.
1418 3609 1449 3689 6,
1479 3614 1510 3673 ut
1537 3607 1688 3695 portentis
1716 3627 1753 3674 ac
1781 3606 1935 3695 prodigiis

415 3727 549 3797 naturali
579 3727 775 3817 philosophia
802 3727 987 3819 explanatis,
1014 3747 1076 3795 non
1111 3726 1219 3798 timida
1247 3737 1277 3795 et
1303 3729 1482 3815 importuna
1519 3727 1710 3814 superstitio,
1739 3726 1794 3795 sed
1821 3746 1934 3796 secura

447 3996 481 4066 ll)
498 3993 551 4052 utr.
562 3995 687 4064 Anaxag.
701 4010 741 4064 op.
754 3994 870 4062 Simpir'c.
881 3993 924 4060 sol.
935 3989 992 4061 3363
1009 3993 1138 4064 Theoph.
1149 3993 1208 4048 bisi.
1218 3983 1300 4062 pulerit.
1311 3993 1337 4060 3,
1352 3992 1375 4064 ἡ
1390 3991 1467 4063 Diog.
1479 3995 1502 4048 t.
1513 3993 1565 4065 Eli
1578 3997 1601 4047 ol
1613 3993 1637 4062 93
1654 3993 1770 4050 Aristot.
1781 3993 1857 4060 Plrps.
1869 3997 1896 4062 8,
1912 3993 1933 4050 1.

409 4070 614 4136 Valckenarius
631 4082 716 4134 distr.
726 4095 782 4146 cop.
793 4081 808 4133 Ι
812 4081 829 4125 V
844 4085 867 4132 et
890 4080 908 4131 V
924 4079 997 4134 mira
1016 4078 1176 4134 subtilitate
1196 4071 1378 4149 Anaxagoran
1393 4078 1420 4134 in
1437 4078 1573 4149 Euripide
1586 4080 1778 4150 persequitur,
1795 4085 1884 4151 atque
1899 4079 1932 4134 ad

410 4165 578 4234 opinionem
599 4163 711 4220 desole
730 4163 844 4236 lapideo
864 4165 986 4220 innuere
1006 4172 1103 4220 censet
1121 4165 1164 4219 Or.
1175 4165 1233 4234 stt,
1250 4164 1299 4221 cfr.
1320 4165 1492 4221 Schaubach
1512 4165 1545 4218 lto
1559 4167 1645 4220 Anam
1656 4168 1818 4220 Clazomenio
1834 4181 1883 4218 seu
1901 4167 1932 4218 de

410 4254 467 4325 uitq
484 4255 541 4304 eius
552 4267 583 4304 oe
597 4252 784 4320 philosophia,
801 4249 956 4306 verisimile
970 4256 1014 4304 est
1026 4252 1243 4320 Anaxagoreum
1260 4250 1332 4305 illud
1352 4251 1450 4316 fnisse,
1465 4266 1539 4321 quae
1553 4251 1666 4322 longius
1679 4268 1694 4306 a
1706 4251 1766 4307 sole
1778 4258 1885 4318 essent,
1900 4267 1934 4306 ea

411 4335 612 4390 vehementius
631 4335 738 4401 ardere,
758 4336 891 4406 propiora
909 4351 973 4391 vero
992 4343 1205 4408 contemperata
1224 4339 1259 4404 fr.
1271 4335 1327 4407 776,
1345 4337 1396 4392 eir.
1416 4336 1561 4406 Vitruv.9‚
1581 4337 1606 4405 lq
1624 4336 1743 4392 nivibus
1759 4337 1788 4391 in
1802 4338 1933 4408 Aetiopia

409 4420 626 4475 tabescentibus
644 4419 739 4476 ll'ilnxn
754 4421 901 4477 exundare
920 4423 952 4488 fr.
964 4421 1021 4490 230,
1034 4423 1088 4480 liet.
1100 4423 1145 4476 l·3
1163 4423 1212 4478 cir.
1233 4422 1311 4478 hiou.
1324 4423 1346 4490 l,
1361 4439 1388 4490 p.
1399 4421 1431 4477 46
1460 4424 1545 4477 Seirol.
1558 4425 1643 4491 Apoll.
1659 4423 1741 4476 illirici.
1751 4423 1775 4493 l,
1795 4420 1850 4477 tte.
1870 4424 1932 4478 Val-

407 4505 562 4561 ckenarius
576 4512 660 4576 putat
671 4508 707 4573 fr⁸
717 4507 767 4562 905
780 4514 899 4563 naturae
916 4507 1133 4577 investigatores
1147 4508 1311 4579 improbari,
1326 4505 1455 4580 quiante
1474 4511 1669 4578 Anaxagoram
1690 4509 1821 4565 fuissent.
1837 4509 1932 4578 Equi-

407 4591 472 4646 dem
486 4590 607 4646 arhitror
618 4593 715 4646 eadem
730 4591 882 4661 disciplina
895 4592 1036 4648 contineri
1053 4593 1192 4650 rationem
1207 4593 1283 4649 illam
1299 4595 1367 4648 satis
1381 4595 1498 4669 quidem
1510 4594 1655 4651 inficetam
1667 4593 1793 4650 fabulam
1810 4593 1844 4648 de
1862 4607 1929 4651 ortu

409 4674 512 4730 Bacchi
532 4675 740 4746 interpretandi
762 4677 852 4732 Enoch.
868 4677 925 4734 288.

442 4761 522 4838 (21Σὲ
539 4769 579 4814 τὸν
598 4763 701 4832 αὐτοφυῆ
719 4770 759 4815 τὸν
778 4766 800 4812 ἐν
820 4767 914 4834 αἰθερίῳ
933 4767 1012 4834 ῥύμὸῳ
1028 4773 1120 4819 πάντων
1133 4770 1198 4838 pulcra
1215 4769 1365 4838 ipat'tiiewb',
1378 4749 1402 4818 db
1419 4775 1470 4838 πέρι
1488 4773 1531 4832 μὲν
1550 4775 1597 4838 φῶς
1615 4775 1666 4837 πέρι
1685 4767 1805 4838 t‘o’ppvata
1823 4771 1863 4828 νὺξ
1884 4768 1931 4818 cric-

407 4853 507 4918 λὸχρως,
528 4850 619 4918 ἄκριτός
638 4855 657 4900 τ’
667 4851 757 4919 ἄστρων
770 4851 842 4914 ὄχλος
860 4853 986 4915 ἐνδελεχῶς
1005 4856 1164 4924 ἀμφιχορεύει.

441 4933 473 5002 (31
493 4935 549 4990 Cic.
558 4935 631 4988 Tuae.
642 4935 665 5007 3,
685 4935 731 4990 ll:
747 4935 776 4991 id
794 4935 829 4992 de
848 4951 878 4990 se
899 4937 957 5008 ipso
977 4937 1107 5009 loquitur
1120 4938 1275 5009 Euripides
1292 4939 1395 4995 Fuerat
1410 4940 1488 4995 enim
1506 4941 1621 4996 auditor
1636 4943 1829 5014 Anaxagorae,
1841 4955 1928 5012 quem

404 5019 511 5088 ierunt,
531 5020 669 5075 nuntiata
686 5028 778 5076 morte
798 5021 859 5088 lilii,
878 5021 998 5078 dixisse:
1017 5023 1140 5080 sciebam
1160 5040 1206 5080 me
1224 5025 1357 5096 genuisse
1378 5025 1537 5081 mortalem.
1557 5028 1709 5084 -Eadem
1733 5029 1851 5083 tradunt
1870 5025 1928 5084 Aol.

409 5106 433 5160 l'.
453 5104 518 5172 H.3,
541 5105 565 5174 ἲς
584 5104 756 5162 Valerblax.
778 5107 802 5177 5,
823 5106 863 5162 11).
882 5109 916 5163 At
934 5108 1074 5178 Diogenes
1093 5110 1118 5180 2,
1138 5110 1172 5166 56
1189 5126 1251 5166 eam
1270 5126 1367 5166 vocem
1388 5111 1589 5184 Xenophontis
1609 5109 1699 5169 inisse
1719 5113 1829 5170 scribit.

324 5203 327 5210 ’
439 5191 472 5261 (lt
492 5189 572 5248 Unus
599 5190 732 5264 idemque
750 5193 821 5248 deus
843 5198 887 5248 est
914 5192 1010 5250 Cibele
1028 5204 1058 5251 et
1085 5195 1152 5251 Gaia
1179 5197 1231 5251 Hel.
1254 5197 1439 5266 libidinosi.
1469 5195 1527 5266 atta
1549 5197 1616 5254 Gaia
1642 5206 1670 5254 et
1687 5199 1788 5256 Hestia
1806 5201 1844 5268 fr.
1864 5201 1926 5267 9973

403 5275 503 5346 Apollo
521 5282 550 5332 et
568 5275 616 5332 Sol
636 5277 675 5344 sr.
700 5277 765 5346 7753
784 5278 964 5348 Persephone
984 5288 1013 5336 et
1034 5281 1139 5337 Hecate
1160 5282 1219 5337 Jon.
1232 5281 1308 5354 10543
1326 5283 1341 5339 J
1346 5283 1441 5355 upiter
1461 5290 1490 5338 et
1502 5279 1594 5340 Hades
1614 5285 1652 5352 fr.
1666 5285 1725 5341 oct.
1748 5286 1780 5345 V.
1794 5279 1929 5343 Lobechii

402 5363 609 5432 Aptcophnnnrm
627 5378 653 5429 p.
680 5361 722 5432 79,
743 5362 800 5433 155,
819 5362 867 5418 614
888 5371 916 5419 et
934 5361 1134 5437 Naegelsbach.
1156 5369 1376 5437 Theotpostbom.
1388 5369 1413 5436 8,
1435 5367 1475 5424 16.

437 5447 470 5518 15)
489 5446 597 5507 Vnam
610 5451 734 5520 Εὐριπίδου
747 5456 786 5501 καὶ
801 5457 853 5522 βίον
870 5454 931 5508 inii.
952 5457 981 5508 et
994 5453 1152 5509 Nauchium
1169 5455 1201 5508 dc
1221 5455 1283 5509 Eur.
1309 5460 1377 5520 cito,
1394 5457 1440 5510 od.
1458 5461 1512 5511 nol.
1536 5457 1575 5512 15.
