4010 6172
1068 305 1266 376 ..23-

360 430 363 436 ²
406 450 590 548 Perrulgata
617 461 722 550 opinio
748 467 795 527 est
822 459 853 524 in
881 456 1039 545 Euripidis
1073 458 1241 545 tragoediis
1269 479 1330 526 uon
1360 459 1451 526 modo
1480 469 1655 540 renovatae,
1687 458 1802 536 'verum
1833 461 1919 526 etiam

405 579 536 650 labantis
564 589 792 670 corruptaeque
821 578 864 645 rei
896 573 1042 665 qulicae
1063 578 1197 645 rationes
1215 579 1380 658 contineri,
1400 597 1498 668 quare
1528 579 1714 665 ὀχλοκρατὶας
1736 580 1854 646 ποιητὴν
1871 599 1920 665 ap-

405 699 530 788 pellarit
555 675 788 789 Bernhardyos.
819 695 911 780 Quod
940 695 1021 764 baud
1050 697 1114 764 scio
1133 699 1172 764 an
1198 696 1363 764 rorimmile
1381 699 1691 768 ridentursurnmam
1712 696 1920 785 spectantibus

403 822 472 888 eius
500 818 724 910 philosophiae.
745 815 834 891 atto
854 814 1031 904 republica
1051 837 1110 883 uon
1131 817 1199 884 eius
1220 818 1275 884 luit
1295 815 1448 884 libertatis
1463 821 1639 898 studiosus,
1662 827 1693 885 ut
1714 816 1919 885 rrrultitudiuis

402 940 575 1010 dominatui
603 940 741 1017 tererem
770 955 967 1024 numqaum
997 939 1134 1022 optimus
1162 938 1296 1026 quisque
1324 935 1514 1006 Graecorum
1554 941 1658 1006 innata
1695 937 1850 1004 modestia
1883 935 1918 1002 ab

400 1060 550 1128 extremis
585 1056 725 1127 consiliis
763 1051 989 1134 retrahebatur,
1030 1064 1093 1122 tum
1132 1055 1315 1142 opinionum
1345 1077 1469 1126 errores
1507 1056 1640 1146 publicis
1669 1055 1763 1124 robus
1790 1053 1916 1122 adhibiti

400 1180 485 1248 omni
512 1199 568 1266 spe
595 1177 729 1248 celerius
756 1175 897 1244 aduersis
926 1172 1092 1242 eventibus
1121 1175 1281 1261 p'atotiuut.
1313 1175 1414 1244 liacile
1442 1187 1546 1246 autem
1567 1174 1762 1261 intelligebat
1783 1174 1918 1240 homines

388 1298 544 1382 audaces,
564 1306 599 1365 ut
627 1317 676 1366 res
697 1305 760 1363 tum
788 1303 969 1376 mantuan
999 1293 1039 1361 ad
1067 1292 1196 1361 salutem
1228 1295 1270 1360 rei
1302 1292 1448 1381 publicae
1475 1297 1529 1363 sert
1550 1295 1589 1364 ad
1612 1281 1734 1384 priuata
1753 1295 1916 1362 usnimada

399 1417 498 1507 plebis
525 1416 645 1486 auxilio
673 1417 728 1483 uti.
756 1409 807 1482 htt
834 1415 918 1483 enim
947 1433 1038 1502 posse
1067 1413 1194 1501 quidem
1223 1414 1455 1483 rmrltiturliuem
1484 1436 1532 1485 res
1559 1416 1693 1484 civitatis
1721 1413 1916 1482 boueadmi-

398 1537 529 1636 nistrare
556 1536 583 1604 si
609 1533 649 1603 ab
677 1533 802 1622 optimis
829 1532 952 1601 civibus
980 1540 1129 1618 regatur3
1157 1533 1256 1618 ipsam
1286 1553 1358 1600 rero
1380 1535 1568 1628 immousom
1589 1554 1660 1600 esse
1681 1532 1809 1610 malum,
1831 1551 1916 1619 prae-

311 1647 313 1652 ’
392 1659 505 1725 ¹sertim
532 1659 557 1724 si
585 1651 737 1743 improbis
764 1663 875 1742 pareat
901 1650 967 1742 Iplr.
995 1649 1031 1718 l.
1068 1652 1177 1732 taba,
1211 1649 1265 1719 Or.
1303 1651 1384 1722 'lt-3.
1423 1653 1506 1722 Nolit
1541 1662 1647 1721 autem
1684 1651 1916 1720 multitudinem

396 1777 527 1844 nimium
557 1776 664 1842 timere
692 1774 746 1864 qui
774 1774 819 1840 rei
849 1771 995 1858 publicae
1025 1771 1202 1857 praelectus
1229 1772 1278 1854 sit,
1306 1771 1362 1840 scd
1391 1771 1497 1860 legum
1524 1774 1722 1841 sanctitatem
1752 1780 1784 1840 et
1811 1768 1913 1856 magi-

395 1903 549 1964 stratuum
577 1891 762 1980 obsequium
791 1880 968 1980 impavidus
995 1898 1119 1971 tutetur,
1149 1891 1232 1978 quod
1260 1892 1397 1978 optimae
1425 1893 1469 1960 roi
1500 1891 1646 1980 publicae
1673 1891 1914 1960 tundamentum

396 2016 437 2082 sit
463 2011 575 2082 Bacch.
606 2012 689 2096 890,
717 2008 822 2100 Sappl.
852 2013 935 2094 ate,
960 2007 1002 2100 fr.
1032 2007 1114 2078 3t3.
1155 2010 1234 2078 Vitia
1261 2011 1394 2079 civitatis
1423 2020 1484 2080 tam
1515 2014 1679 2099 perspicuo
1700 2019 1855 2092 recenset,
1888 2018 1916 2075 ιιι

395 2136 461 2203 eius
490 2153 550 2201 non
577 2133 681 2200 fautor
700 2133 755 2201 sed
783 2133 980 2200 adversarius
1007 2131 1103 2200 luisse
1125 2129 1278 2200 rideatur.
1300 2131 1471 2200 llisoordiis
1490 2152 1529 2208 ac
1547 2130 1755 2200 seditionibus
1774 2150 1915 2198 currum·

398 2255 480 2342 pitur
506 2254 615 2321 civitas
643 2272 680 2321 ac
708 2253 862 2340 pessimae
890 2251 1121 2336 dominationes
1149 2252 1316 2338 gignuntur
1333 2247 1374 2319 H.
1396 2249 1431 2320 F.
1452 2253 1535 2322 272.
1567 2251 1782 2340 improborum
1808 2247 1915 2336 opibus

398 2394 462 2442 nou
491 2373 599 2461 paucis
625 2373 673 2439 sui
693 2369 876 2441 ostendendi
893 2368 1023 2438 facultas
1036 2370 1168 2458 eripitur
1185 2367 1227 2460 (r.
1251 2369 1333 2449 73&
1351 2369 1403 2437 alii
1425 2373 1551 2458 egregia
1569 2371 1708 2438 iocinore
1729 2370 1911 2457 suscipiunt,

398 2493 515 2562 deinde
551 2490 712 2575 abiiciunt,
745 2489 916 2578 aliquando
950 2509 1006 2558 sua
1039 2491 1160 2572 inertia,
1192 2491 1319 2579 saepius
1360 2490 1475 2558 civium
1511 2491 1643 2558 stultitia
1674 2487 1737 2578 lpll.
1765 2487 1802 2556 Α.
1832 2489 1913 2554 366.

399 2611 573 2698 Praecipua
589 2617 752 2697 corruptae
767 2587 907 2677 ciuitatis¹
919 2608 1050 2677 facultas
1065 2627 1102 2675 ea
1115 2616 1170 2690 est,
1191 2617 1224 2676 ut
1240 2606 1357 2698 ubique
1373 2629 1468 2676 noxas
1489 2611 1626 2699 reperire
1639 2604 1816 2698 studeat'sr.
1835 2606 1914 2676 269.

447 2729 531 2813 outo
559 2729 727 2817 Euripides
758 2729 891 2796 senserit
925 2728 964 2796 de
999 2725 1140 2796 moribus
1169 2728 1304 2795 civitatis
1332 2729 1468 2796 maxiano
1496 2730 1699 2817 perspicuum
1727 2736 1774 2794 est
1802 2747 1840 2794 ex
1869 2728 1913 2809 iis,

388 2870 469 2940 quae
497 2858 570 2918 suut
598 2849 638 2917 de
668 2846 845 2917 oratoribus
862 2856 927 2914 arte
946 2846 1069 2915 dicendi
1087 2848 1299 2937 'impudenter
1317 2846 1529 2916 abutentibus.
1552 2847 1586 2916 ln
1604 2868 1667 2935 quo
1687 2847 1770 2914 haud
1793 2846 1914 2912 uidetur

389 2971 527 3057 prolecto
555 2966 727 3056 disciplina
755 2988 833 3035 usus
849 2967 1049 3052 Protagorae
1077 2977 1106 3034 ot
1135 2966 1270 3050 Prodici,
1296 2968 1349 3056 qui
1369 2987 1493 3036 omnem
1522 2965 1698 3035 doctrinam
1718 2965 1758 3032 de
1784 2965 1913 3050 publicis

392 3089 584 3177 privatisque
612 3084 752 3153 moribus
775 3088 899 3174 propria
926 3088 956 3150 ni
976 3085 1179 3175 exspoliatam
1200 3086 1239 3154 ad
1258 3085 1471 3174 eloquentiam
1490 3084 1679 3154 referebant.
1700 3062 1768 3167 Quo
1788 3085 1909 3152 dicendi

391 3227 507 3295 genere
534 3209 582 3276 osi
611 3207 726 3293 luerint
745 3203 848 3294 populi
879 3205 1023 3272 ductores
1052 3225 1142 3272 tremo
1171 3207 1304 3292 ignorat,
1332 3209 1383 3293 qui
1411 3208 1578 3274 atticorum
1606 3213 1765 3272 oratorum
1795 3213 1826 3272 ot
1844 3203 1911 3272 hri-

391 3327 552 3416 stopbanis
566 3326 683 3412 scripta
702 3325 837 3393 noverit.
854 3323 914 3392 Hic
934 3327 1009 3392 satis
1028 3326 1123 3392 fuerit
1143 3325 1238 3393 rerba
1253 3325 1335 3394 Sexti
1351 3325 1500 3414 Empirici
1520 3326 1637 3394 reterre
1655 3322 1770 3408 'Arrrpp
1794 3328 1835 3392 H.
1852 3322 1887 3392 tt
1906 3347 1912 3388 :

390 3451 403 3508 ὁ
424 3449 606 3532 δημαγωγὸς
629 3447 862 3510 κακοδιδασκαλεῒ
882 3446 946 3517 τοὺς
961 3446 1082 3518 πολλοὺς
1101 3448 1138 3507 τὰ
1155 3445 1350 3528 κεχαρισμένα
1366 3445 1523 3530 λέγωνκαὶ
1543 3448 1692 3515 daedaleis
1707 3445 1811 3518 αὐτοὺς
1830 3443 1909 3512 ἐξαλ-

390 3567 493 3650 λοτριοῑ
512 3565 578 3644 πρὸς
596 3565 661 3636 τοὺς
680 3565 808 3645 ἀρίστους
836 3562 896 3657 (l).
926 3564 1088 3652 Euripides
1124 3565 1253 3651 quidem
1280 3585 1350 3632 sese
1378 3566 1462 3635 haud
1484 3574 1772 3653 parumrorsotum
1793 3564 1910 3632 esseio

389 3693 455 3752 arte
483 3685 622 3766 dicendi,
642 3704 704 3772 qua
731 3705 767 3751 eo
780 3692 926 3771 tempore
945 3685 1105 3751 hominum
1127 3685 1254 3770 ingenia
1274 3686 1409 3752 manime
1428 3683 1718 3766 conformabantur,
1737 3704 1799 3753 uon
1820 3687 1911 3750 morto

389 3777 618 3890 tragoediarum
646 3802 752 3870 colore
780 3803 833 3870 sed
864 3803 950 3870 hisce
978 3822 1103 3889 quoque
1132 3802 1237 3870 uerbis
1264 3803 1417 3884 declarem
1459 3831 1474 3866 ιι
1503 3803 1546 3872 nil
1574 3803 1661 3874 aliud
1694 3823 1788 3890 quam
1816 3804 1911 3870 oratio

387 3921 543 3992 Suadelae
570 3920 695 3990 sacrum
725 3923 855 4010 eiusque
885 3921 1033 4010 templum
1064 3922 1093 3988 in
1122 3923 1262 3990 humana
1290 3931 1402 3991 natura
1430 3925 1563 4010 positum
1592 3933 1640 3991 est
1665 3917 1707 4020 su
1728 3921 1810 3990 tto.
1829 3921 1909 3989 Nihil

387 4044 484 4110 armis
512 4043 645 4110 ellicitur
672 4044 748 4129 quin
777 4039 880 4109 rerbis
908 4043 1238 4137 consequipossimus
1266 4041 1377 4110 Phoco.
1402 4045 1484 4110 blf).
1505 4042 1588 4126 Quid
1610 4041 1733 4111 taudem
1757 4042 1908 4120 mortales,

386 4160 463 4229 alias
490 4170 572 4229 artos
592 4180 722 4249 operose
742 4169 937 4242 exercentes
957 4159 1131 4243 suadelam,
1153 4182 1246 4229 unam
1268 4163 1348 4231 inter
1368 4163 1510 4231 homiues
1531 4165 1682 4249 reginam,
1703 4181 1761 4230 nec
1778 4163 1908 4249 perlecto

385 4280 519 4348 colimus
559 4299 618 4348 uec
647 4280 794 4348 mercede
821 4300 1041 4368 comparamus
1071 4290 1112 4362 ιιι,
1141 4301 1223 4369 quae
1251 4285 1382 4369 quisque
1409 4284 1525 4372 cupiat,
1553 4282 1774 4371 persuadendo
1801 4302 1906 4349 conse-

385 4401 523 4488 quatur?
549 4401 601 4487 qui
630 4419 794 4487 speremus
821 4420 876 4468 cos
905 4399 984 4468 bene
1013 4401 1141 4488 posthac
1169 4405 1321 4470 acturos?
1348 4399 1424 4472 Hoc.
1456 4399 1539 4470 att.

435 4519 550 4588 Verum
579 4539 639 4586 non
668 4519 697 4586 id
726 4527 793 4587 erat
820 4519 961 4608 Euripidi
991 4518 1187 4608 eloquentiae
1210 4521 1360 4606 studium,
1388 4531 1423 4590 ut
1448 4541 1511 4590 non
1541 4519 1726 4607 intelligeret
1755 4529 1902 4609 quantum

333 4671 336 4677 ·
383 4638 506 4708 afferret
520 4639 698 4707 detrimenti
720 4638 749 4706 ci
769 4639 894 4720 civitati,
913 4659 993 4726 quae
1013 4639 1190 4728 eloquentia
1203 4642 1399 4728 potissimum
1419 4641 1587 4716 duceretur
1606 4623 1741 4730 eamque
1762 4641 1902 4709 maximis

383 4759 549 4847 propositis
579 4759 728 4847 praemiis
756 4757 888 4825 aluisset
916 4756 976 4849 (E).
1006 4760 1115 4850 ltaque
1135 4781 1204 4829 raro
1224 4761 1440 4852 eloquentiam
1461 4763 1576 4846 laudat,
1598 4765 1724 4850 saepius
1753 4781 1808 4830 eos
1827 4763 1904 4828 ritu-

416 4967 448 5033 (ιι
467 4964 506 5021 De
524 4965 708 5035 eloquentiae
727 4962 819 5020 abusu
837 4963 866 5018 in
886 4965 976 5021 Attica
1007 4965 1153 5037 republica
1176 4968 1285 5038 optime
1305 4969 1441 5024 disseruit
1459 4967 1667 5026 Valckenarius
1687 4971 1772 5025 Οιίιιι*Ι
1792 4987 1812 5026 r.
1832 4971 1905 5026 Xl'lll

381 5067 434 5107 uec
452 5051 536 5121 plura
553 5043 657 5104 addere
673 5067 744 5122 opus
760 5057 811 5105 est.
831 5051 886 5105 Gir.
905 5051 1122 5122 praetereallic.
1130 5068 1181 5122 pro
1200 5055 1289 5108 Flacco
1308 5055 1354 5109 cl
1373 5059 1397 5108 ot
1410 5053 1532 5120 Quintil.
1547 5057 1662 5110 [lectona.
1676 5055 1736 5126 268,
1751 5075 1779 5126 p.
1794 5057 1852 5112 509.
1866 5057 1900 5110 Eo

380 5137 508 5208 prolecto
523 5135 660 5206 spectarit
678 5136 765 5205 Soph.
787 5137 854 5190 Plrtt.
867 5136 909 5191 98.
1923 5205 1925 5214 Ι

307 5272 314 5284 ,
408 5223 445 5288 ti)
466 5222 620 5276 Memorato
634 5220 720 5290 digna
733 5227 801 5275 sunt
814 5237 887 5291 qrrae
899 5221 1025 5276 Velleius
1041 5224 1147 5285 Patere.
1159 5223 1199 5279 ait
1213 5227 1235 5295 1,
1253 5225 1296 5279 ta:
1314 5247 1323 5274 ι
1337 5243 1394 5280 una
1412 5225 1478 5280 urbs
1499 5227 1584 5281 attica
1599 5226 1737 5298 pluribus
1750 5232 1834 5283 onais
1845 5226 1901 5282 elo-

379 5307 514 5378 quentiae
532 5323 618 5377 quam
632 5304 767 5360 uniuersa
788 5306 904 5360 Graecia
923 5307 1058 5375 operibus
1078 5305 1182 5380 lloruit
1203 5310 1273 5364 ariao
1294 5317 1326 5365 ιιι
1345 5327 1462 5382 corpora
1480 5313 1574 5382 gentis
1588 5311 1665 5368 illius
1681 5321 1813 5383 separata
1827 5313 1899 5382 (sint)

379 5393 407 5449 in
427 5393 498 5449 alias
513 5392 650 5454 civitates,
670 5391 785 5464 ingenia
798 5407 863 5446 raro
876 5391 943 5445 solis
956 5393 1175 5448 Atheniensium
1191 5395 1281 5448 muris
1296 5395 1392 5450 clausa
1411 5397 1557 5451 existimes
1571 5419 1596 5452 ι.
