4010 6172
722 303 921 368 --rr-

44 451 87 522 Il.
117 455 189 524 280
217 456 283 524 clr..
310 451 414 522 Aeoch.
441 453 522 544 Sept.
552 451 609 522 ii.
638 453 700 523 Sed
729 455 789 522 iam
818 454 951 542 pridem,
982 461 1137 540 utsupra
1168 452 1415 520 demonstratum
1445 459 1500 536 est,
1530 473 1579 519 res
1664 421 1670 432 Α

45 575 223 664 antiquitus
251 574 382 656 traditae
410 575 523 642 tentari
551 582 646 662 atque
676 573 807 643 interius
835 576 947 662 quaeri
975 582 1106 662 coeptae
1135 573 1266 653 fueraut,
1292 591 1348 640 uec
1368 571 1434 638 heri
1461 581 1581 660 poterat

46 702 83 760 ut
110 694 154 762 dii
184 692 225 762 illi
253 693 384 762 Homeri
411 701 442 762 et
468 692 608 773 Hesiodi,
636 714 769 784 quorum
799 695 929 783 pristina
964 693 1155 782 significatio
1195 693 1388 774 oraturisset,
1418 691 1579 760 horuiuuur

48 814 134 882 uitiis
162 815 327 904 inquinati,
354 811 569 904 voluptatibus
590 813 800 902 indulgentes,
829 814 916 903 apud
946 815 1099 902 integrum
1133 833 1169 881 ae
1207 813 1320 880 iustum
1348 814 1580 880 destinatorem

47 953 143 1002 suam
170 933 387 1002 auctoritatem
406 943 580 1003 servarent.
602 933 723 1003 Primus
744 935 890 1002 omnium
910 933 1120 1022 Xenophanes
1149 933 1268 1019 vulgari
1290 932 1419 999 ‹loorum
1444 933 1581 1020 opinioni

49 1053 235 1122 adversatus
253 1053 363 1134 luerat,
380 1072 499 1140 negans
518 1073 571 1122 eos
592 1073 678 1122 ruore
698 1053 878 1122 mortalium
900 1055 1019 1140 genitos
1039 1070 1120 1138 esse,
1141 1050 1257 1139 quihus
1280 1052 1398 1120 ideireo
1419 1051 1582 1118 hominurn

49 1173 130 1242 vitia
155 1191 192 1242 aa
218 1171 335 1242 scelera
360 1170 477 1243 tributa
496 1181 611 1255 essent,
630 1173 714 1262 qrrod
735 1193 844 1242 omues
871 1184 980 1260 gentes
1000 1163 1047 1242 sui
1071 1192 1216 1262 qrrarcque
1245 1171 1363 1238 siruiles
1383 1172 1458 1238 ileos
1478 1180 1585 1240 essent

50 1300 262 1375 commentae,
299 1298 333 1358 ut
366 1289 536 1380 Aethiopes
576 1293 684 1376 simos,
717 1293 854 1362 Thraces
884 1294 980 1362 tatros
1014 1312 1052 1361 ao
1085 1293 1217 1374 carisius,
1248 1312 1349 1378 neque
1385 1290 1483 1372 aliter,
1512 1293 1584 1360 data

51 1412 211 1493 facultate,
229 1410 325 1480 hores
341 1428 379 1479 ae
394 1409 502 1484 leones
522 1411 661 1481 lacerent
680 1406 709 1503 (1
721 1410 742 1503 l.
765 1408 899 1482 Ulterius
918 1419 1112 1502 processerat
1133 1410 1336 1496 Artaxagoras
1357 1409 1583 1494 Clazomenius,

51 1552 152 1620 qoem
180 1533 282 1600 terunt
305 1533 481 1604 homericos
510 1531 634 1601 tabulas
654 1533 692 1599 ad
713 1552 836 1601 morum
865 1532 1026 1620 quandam
1054 1532 1313 1618 signiticatiouenr
1344 1532 1487 1599 retulisse
1509 1530 1586 1599 doo-

52 1671 188 1740 rumque
215 1653 344 1721 nomina
378 1650 525 1720 translate
553 1651 791 1738 interpretatum
828 1670 908 1719 esse.
946 1651 1033 1720 ldem
1053 1649 1158 1718 'solem
1187 1650 1350 1718 divinitate
1371 1651 1582 1738 exspoliatum

53 1769 100 1838 nil
133 1770 219 1840 aliud
256 1751 520 1841 ess'eaffirmarit
547 1770 605 1838 uisi
635 1767 789 1858 lapideam
820 1769 933 1840 molem
962 1771 1089 1856 ignitam
1123 1767 1194 1866 (a),
1225 1770 1256 1837 in
1285 1769 1413 1838 audiere.
1442 1773 1583 1837 linthium

54 1911 163 1960 rerum
182 1892 303 1960 semina
321 1893 486 1976 contineri,
505 1909 588 1980 quae
609 1899 689 1958 terra
707 1899 838 1980 excepta
857 1887 1079 1978 pubescerem.
1104 1889 1164 1974 Qui
1184 1903 1283 1977 nunni
1303 1889 1425 1958 diceret
1447 1901 1582 1958 ruentem

54 2010 229 2100 quandum,
265 2031 325 2080 nou
360 2011 446 2080 illam
480 2011 607 2100 quidem
638 2011 787 2078 materiae
821 2009 1023 2078 coniunctam
1051 2019 1144 2096 atnoe
1172 2009 1376 2098 implicatum,
1412 2011 1468 2076 sert
1502 2031 1603 2098 quae·

55 2132 187 2220 propria
217 2132 247 2200 ri
275 2151 334 2200 sua
364 2140 455 2212 esset,
488 2150 537 2198 res
571 2148 681 2198 omues
717 2130 941 2217 incompositas
977 2130 1005 2196 in
1042 2129 1184 2197 ordinem
1214 2130 1374 2214 redegisse
1409 2139 1440 2196 et
1475 2130 1593 2197 trinodi.

57 2251 213 2320 artificem
232 2252 338 2332 luisse,
360 2270 509 2340 magnum
537 2258 731 2318 momentum
759 2249 863 2318 attulit
888 2251 926 2318 ad
955 2250 1121 2338 opiniones
1147 2250 1278 2316 deorum
1306 2249 1466 2317 uoroodas
1493 2257 1587 2336 atque

55 2369 98 2438 ad
127 2371 223 2440 unius
243 2370 293 2440 dei
313 2371 472 2439 notionem
496 2368 726 2438 convertendas
752 2362 815 2463 (3).
833 2369 1019 2456 Protagoras
1046 2367 1150 2436 aiebat
1168 2370 1208 2436 dii
1229 2377 1334 2437 esseut
1354 2390 1454 2437 necue
1484 2390 1586 2457 ireque

60 2473 227 2560 adfirmari
247 2510 353 2579 neque
371 2491 478 2578 negari
499 2509 602 2578 posse,
619 2509 686 2558 rem
705 2491 788 2558 enim
810 2489 908 2578 ipsam
928 2488 1232 2558 obscurioremesse
1252 2509 1288 2556 ac
1310 2489 1405 2558 herere
1425 2490 1587 2556 hominum

56 2609 170 2682 'vitam
198 2610 272 2700 lpse
301 2619 404 2679 tamen
434 2607 556 2678 videtur
584 2610 625 2678 ita
652 2608 730 2678 deos
759 2611 980 2697 interpretatus
1007 2618 1050 2692 ut,
1079 2629 1159 2696 ernau
1181 2609 1366 2698 prodessent
1396 2608 1586 2690 lrouriuihus,

58 2751 99 2800 ea
127 2731 159 2799 in
189 2730 322 2799 deorum
342 2749 473 2799 numero
493 2728 600 2798 hahita
627 2749 695 2798 esse
722 2737 865 2798 censeret
884 2723 947 2826 (t).
970 2729 1251 2816 lliagoras‘autoru
1270 2729 1383 2797 Melius
1409 2730 1484 2817 quiet
1508 2725 1586 2796 'seu-

61 2852 140 2920 serit
168 2871 209 2922 ex
236 2851 303 2940 ipso
330 2853 522 2938 cognomine
548 2859 638 2932 ἄθεος
664 2849 740 2918 satis
767 2856 907 2938 apparet.
1113 2824 1119 2857 ²

112 2970 176 3040 Sed
203 2966 411 3058 Anaxagorae
430 2969 633 3059 disciplinam
652 2968 805 3058 praeclari
828 2970 971 3037 homines
992 2967 1120 3037 Athenis
1147 2968 1305 3056 complexi
1330 2978 1427 3050 eraut,
1447 2971 1588 3038 omnium

61 3092 187 3180 primus
224 3090 370 3175 Pericles,
411 3110 485 3159 cum
526 3086 715 3178 Anaxagora
754 3110 792 3158 ea
831 3088 1063 3156 necessitudine
1102 3089 1286 3170 eleuinetus,
1329 3099 1362 3157 ut
1403 3090 1588 3172 adversarii,

60 3211 133 3278 eius
161 3210 383 3280 auctoritatem
410 3207 602 3278 labefactare
631 3211 804 3298 cupientes,
834 3209 1055 3298 philosophum
1091 3210 1271 3296 opprimere
1298 3211 1400 3276 corinti
1429 3211 1491 3276 siut
1520 3203 1582 3304 (ti),
1633 3296 1652 3312 η

60 3326 242 3398 Archelaus
269 3349 395 3420 quoque
424 3328 550 3416 auditor
576 3329 634 3396 luit
662 3327 878 3416 Anaxagorae,
917 3330 971 3417 qui
1000 3337 1110 3416 postea
1135 3328 1342 3397 Macedonum
1373 3349 1427 3397 rex
1458 3328 1584 3414 Euripi-

60 3450 138 3518 dem
163 3469 272 3518 senem
300 3453 432 3538 excepit.
463 3449 604 3536 Denique
631 3447 798 3535 Euripides
827 3449 904 3536 ipse,
933 3449 986 3537 qui
1016 3449 1286 3542 tarn.reliemeuti
1315 3449 1420 3516 studio
1449 3450 1479 3515 iu
1503 3447 1590 3514 ilua·

59 3589 204 3656 xagorae
231 3568 397 3658 disciplina
425 3576 565 3637 versatus
594 3568 719 3652 dicitur,
748 3576 781 3636 nt
810 3588 871 3636 non
899 3568 992 3636 modo
1014 3588 1063 3636 res
1084 3568 1253 3638 sedetiam
1275 3569 1395 3636 vultum
1422 3588 1584 3656 rrurupraur

62 3689 197 3757 ridentis
225 3689 439 3779 praeceptoris
466 3689 606 3772 imitatus
633 3708 703 3756 esse
731 3687 875 3756 videatur
902 3682 965 3784 (6).
986 3688 1095 3776 ltaque
1115 3691 1189 3756 satis
1210 3688 1308 3756 inulta
1327 3690 1358 3756 iu
1379 3689 1446 3756 eius
1467 3689 1591 3775 seriptis

61 3807 266 3898 reperiuntur
285 3809 324 3877 ad
345 3805 570 3897 Anaxagoreas
598 3807 735 3876 rationes
764 3807 941 3892 relereuda,
969 3829 995 3875 v.
1014 3829 1043 3896 g.
1061 3807 1186 3876 coelum
1208 3817 1239 3876 et
1267 3817 1381 3876 terram
1410 3828 1594 3876 communes

61 3929 209 3999 omnium
237 3949 342 3998 rerum
370 3937 515 4018 parentes
543 3929 640 3997 luisse
664 3925 849 4019 [1..1012,
880 3927 1040 3995 aetherem
1070 3929 1239 4009 inlinitum,
1269 3929 1321 4016 qni
1352 3937 1450 3995 terras
1471 3930 1591 4017 ample-

61 4059 165 4134 xetur,
192 4049 303 4120 lovem
330 4068 368 4118 ac
386 4036 489 4118 deum¹
510 4047 689 4116 habendum
715 4044 759 4138 fr.
787 4049 877 4129 936;
906 4056 1044 4117 mentem
1072 4050 1104 4115 iu
1133 4048 1266 4134 singulis
1287 4047 1466 4116 hominihus
1493 4049 1587 4117 deum

62 4191 137 4240 esse
162 4167 205 4262 fr.
238 4167 345 4237 1007.
373 4168 434 4237 Sed
463 4167 503 4236 de
530 4169 671 4255 uestigiis
699 4163 926 4254 Anaxagoreae
954 4167 1116 4235 doctrinae
1144 4169 1229 4254 apud
1255 4167 1438 4256 Euripidem
1466 4173 1591 4255 egregie

62 4290 240 4382 disputavit
265 4288 509 4371 Valckenariue;
534 4309 618 4378 quae
646 4309 744 4376 quum
773 4290 873 4374 magis
901 4289 941 4357 ad
969 4309 1076 4358 rerum
1104 4296 1251 4357 naturam
1278 4309 1371 4376 quam
1400 4289 1440 4356 nd
1467 4291 1588 4356 auinrus

100 4546 138 4617 (1)
158 4546 270 4605 h'obiles
287 4547 332 4604 illi
347 4547 531 4618 Xenophanis
543 4565 644 4606 uersus
662 4549 822 4606 conservati
841 4556 921 4605 sunt:
941 4556 1018 4602 naara
1032 4558 1093 4610 asor,
1107 4554 1218 4610 asseria«)
1231 4558 1335 4622 Ὅμηρός
1385 4557 1484 4610 terme,
1499 4574 1524 4602 τε
1539 4555 1596 4604 tna

65 4635 123 4703 παρ’
136 4635 289 4702 ἀνθρώποισιν
308 4637 396 4686 ὀνείδεα
414 4643 452 4686 καὶ
471 4641 537 4702 ψόγος
557 4640 632 4689 ἐστίν’
653 4644 691 4687 καὶ
703 4639 792 4688 πλεῖστ’
811 4639 951 4708 ἐῗὲέγξαντο
969 4647 1028 4690 θεῶν
1043 4641 1169 4704 &igniaria
1188 4641 1252 4709 ἔργα,
1272 4644 1374 4689 alent-:tr
1386 4646 1502 4704 poisat-:er
1517 4663 1541 4690 τε
1562 4650 1600 4690 κὶα

65 4723 193 4780 ἀλλήλους
214 4724 344 4792 &narciae
369 4722 422 4777 Cir.
445 4723 510 4778 Sex.
532 4723 612 4794 Emp.
632 4726 693 4779 ode.
718 4724 806 4778 aharith.
834 4725 853 4791 1,
878 4723 928 4778 288
955 4724 1205 4781 territatum.
1228 4725 1331 4791 111112,
1354 4726 1393 4780 23.
1416 4726 1598 4786 GleunAlcx.

65 4806 166 4862 Sirone.
195 4809 253 4877 VII,
268 4825 294 4879 p.
312 4807 356 4862 711
371 4811 403 4878 Β,
420 4826 446 4876 ρ.
464 4807 508 4862 611
517 4851 522 4862 .
547 4809 693 4864 Praeterea
712 4808 766 4866 Cic.
789 4811 817 4864 u,
838 4812 857 4862 h
889 4813 910 4878 1,
931 4808 972 4880 27,
994 4811 1034 4864 77.
1519 4835 1522 4842 ·

100 4889 138 4961 (21
156 4890 235 4962 lliog.
252 4893 281 4947 L.
300 4893 325 4962 2,
346 4893 387 4962 ll,
403 4893 444 4948 28.
463 4893 537 4950 Plat.
556 4895 632 4962 Apol.
649 4914 677 4966 p.
694 4895 726 4951 26
744 4898 773 4950 l).
793 4895 864 4951 Xen.
886 4895 962 4950 etiem.
981 4897 1006 4968 1,
1028 4897 1051 4965 7,
1073 4896 1097 4952 7.

101 4977 138 5045 (3)
157 4976 238 5048 Diog.
258 4977 286 5033 L.
302 4979 326 5048 2,
347 4976 373 5049 6,
393 4977 444 5034 (tir.
459 4978 579 5035 Aristar.
599 4982 675 5048 Phys.
696 4981 722 5050 8,
743 4981 765 5034 1.

102 5064 136 5132 tt)
155 5061 235 5134 Diog.
256 5061 285 5118 t.
303 5063 330 5131 9,
351 5063 392 5122 50.
413 5063 468 5120 cie.
486 5065 514 5120 hl.
535 5067 563 5120 u.
585 5065 609 5132 l,
628 5065 671 5140 42,
693 5065 749 5121 118.

41 5167 42 5170 ’
100 5151 138 5218 (5)
158 5147 231 5204 Plat.
257 5149 370 5205 Phaedr.
384 5168 409 5220 p.
427 5151 523 5216 etun.
542 5149 615 5208 Plut.
634 5153 693 5208 Nic.
713 5153 754 5223 22,
772 5154 866 5208 Portet.
886 5153 911 5220 1,
931 5154 954 5224 5,
971 5153 1019 5221 32;
1035 5153 1113 5224 Eiog.
1135 5153 1164 5208 t.
1184 5152 1209 5224 2,
1231 5153 1267 5218 12,
1290 5153 1328 5206 11.
1350 5153 1403 5208 ue.
1424 5151 1514 5209 Zellee
1534 5156 1596 5208 Phi-
1673 5205 1676 5212 .

67 5236 172 5306 loseph.
188 5238 236 5290 der
254 5235 382 5291 Grterhen
398 5239 420 5306 1,
439 5235 500 5291 667.
1429 5231 1430 5234 ’

101 5321 140 5390 16)
159 5319 215 5378 uic.
240 5321 315 5376 Taso.
335 5323 360 5391 3,
380 5322 418 5376 11.
454 5325 483 5378 A.
504 5322 574 5378 dett.
597 5326 635 5392 15,
656 5323 689 5380 20
707 5324 815 5380 helian.
839 5325 865 5383 V.
886 5325 914 5380 H.
934 5326 957 5391 8,
978 5325 1017 5380 13.
1037 5325 1196 5381 Verisimile
1215 5332 1258 5380 est
1279 5325 1444 5396 Euripidem
1466 5328 1500 5380 nd
1514 5329 1597 5386 Ana-

64 5423 204 5480 xagoram
224 5413 369 5480 spectasse
386 5409 422 5479 tr.
442 5409 492 5464 902
512 5408 560 5464 uhi
579 5407 782 5480 pulcherrimis
801 5411 893 5466 uerbis
914 5411 1068 5481 imaginem
1090 5412 1229 5481 sapientis
1250 5414 1399 5482 expressit.
1623 5417 1628 5426 “
