3986 6172
999 314 1265 390 ·-bt-

404 465 549 534 trimooia
576 465 708 551 inibant,
735 487 774 536 ac
801 468 933 557 Spartae
953 489 1015 538 non
1044 468 1135 539 modo
1155 467 1302 551 coelibes,
1329 487 1442 538 uerum
1470 468 1565 539 etiam
1584 468 1610 536 si
1627 467 1700 558 ,puis
1733 461 1925 536 connubium

403 585 536 654 nimium
557 587 729 658 distulisset
754 588 877 676 legibus
906 588 1096 680 puniebatur
1116 585 1178 684 (1)
1207 589 1291 658 utam
1312 598 1342 658 et
1358 586 1534 661 bristotiles
1563 586 1684 678 puellas
1711 587 1794 656 iuter
1809 603 1924 654 annum

401 701 471 774 XVl
490 714 521 774 et
542 705 597 776 XX
625 709 655 776 in
680 710 880 778 matrimonio
899 709 1099 780 collocandas
1118 729 1290 791 censuere;
1305 711 1454 798 optimam
1473 709 1612 778 virorum
1636 714 1771 794 aetatem
1788 702 1830 774 ab
1846 722 1923 773 anuo

400 833 481 904 XXX
508 832 548 901 ad
575 837 682 906 XXXV
712 828 772 924 (E).
792 829 946 918 Memorat
973 833 1054 900 cuim
1085 827 1267 900 Aristoteles
1286 831 1413 900 inllrma
1439 837 1470 897 et
1498 829 1643 898 inchoata
1666 829 1762 898 luisse
1788 843 1921 914 corpora

400 971 510 1020 earnm
537 953 687 1037 petatium,
714 951 799 1042 apud
826 963 905 1040 quas
925 952 981 1019 viri
1003 950 1155 1020 maturius
1184 970 1298 1020 rixones
1326 948 1488 1020 ducerent.
1507 949 1551 1018 Eo
1580 946 1744 1048 intervallo
1771 948 1922 1033 coniuges

401 1071 494 1157 vulgo
520 1070 691 1154 distabant;
719 1075 823 1162 ltaque
843 1071 1009 1162 Euripides
1028 1092 1100 1140 cum
1119 1071 1269 1160 opinione
1297 1071 1437 1140 omnium
1466 1069 1633 1155 consentit,
1661 1067 1714 1160 ubi
1740 1065 1781 1138 ab
1811 1067 1920 1136 adole·

400 1193 550 1261 scentulis
576 1193 644 1281 pari
671 1199 774 1262 aetate
800 1190 1027 1278 coniungendis
1054 1190 1199 1276 deterret,
1230 1188 1315 1278 quod
1358 1190 1417 1258 viri
1457 1189 1575 1260 diutius
1602 1189 1773 1259 iuventutis
1802 1185 1922 1256 uiribus

399 1311 541 1397 lloreant,
568 1312 705 1380 laminae
731 1311 824 1381 citius
851 1319 1079 1381 consenescant
1103 1307 1286 1402 [1124.Εο
1314 1332 1347 1380 re
1375 1311 1441 1378 lieri
1472 1308 1551 1380 solet
1571 1317 1604 1378 ut
1623 1310 1679 1378 uiri
1706 1307 1747 1380 ab
1771 1307 1934 1378 uxoribus

398 1428 626 1515 abalienantur,
657 1451 768 1501 uxores
795 1439 900 1500 autem
930 1430 1092 1518 neglectae
1110 1430 1171 1501 alio
1190 1436 1311 1502 animos
1337 1439 1520 1502 convertant
1545 1426 1587 1521 fr.
1618 1427 1790 1502 0001110
1818 1438 1919 1498 tamen

396 1550 525 1621 senibus
554 1551 678 1643 puellae
705 1552 944 1639 coniungendae
965 1560 1048 1633 sunt;
1069 1572 1160 1620 senes
1188 1554 1273 1622 enim
1302 1572 1415 1640 graves
1433 1571 1471 1622 ac
1490 1549 1613 1618 molesti
1637 1546 1678 1639 fr.
1698 1545 1781 1632 804,
1811 1548 1919 1619 liberis

397 1680 566 1756 gravantur
593 1681 687 1763 atque
707 1680 809 1741 aetate
837 1671 1060 1742 imbecilliores
1081 1673 1151 1741 lacti
1169 1671 1209 1742 ab
1227 1670 1378 1743 uxoribus
1399 1680 1547 1760 reguntur
1562 1669 1605 1761 fr.
1626 1670 1710 1740 80l.
1728 1669 1796 1740 Neo
1825 1669 1918 1740 semel

393 1791 507 1862 suadet
535 1801 567 1862 ut
593 1795 742 1880 coniuges
771 1793 837 1879 pari
867 1791 935 1864 loco
961 1793 1032 1860 sint.
1066 1791 1203 1883 improbi
1230 1814 1357 1884 quoque
1383 1795 1432 1864 sui
1460 1792 1580 1872 similes
1607 1800 1771 1880 quaerunt
1790 1787 1834 1879 fr.
1864 1793 1917 1862 60.

395 1911 480 1982 Male
505 1912 640 1982 consulit
667 1910 776 1980 beatae
805 1913 886 1982 vitae
913 1912 967 2002 qui
996 1931 1125 1988 uxorem
1152 1933 1267 1998 genere
1304 1932 1342 1982 ao
1382 1913 1498 1982 divitiis
1525 1915 1719 2002 superiorem
1748 1912 1864 1996 ducat;
1892 1914 1916 1980 ei

395 2033 479 2102 euim
500 2034 677 2121 parendum
692 2041 740 2101 est
761 2015 1296 2120 11001011100111010001110101
1331 2041 1438 2120 partae
1453 2030 1493 2125 fr.
1514 2030 1587 2105 out
1612 2029 1678 2124 (3).
1694 2032 1777 2117 Quid
1802 2033 1917 2121 turpius

396 2153 461 2221 uiro
488 2173 582 2241 quam
612 2150 786 2221 libellulum
817 2173 908 2220 suam
929 2141 1018 2220 uxori
1048 2153 1182 2240 prodere
1201 2173 1239 2221 ac
1259 2172 1293 2222 se
1312 2154 1412 2240 ipsum
1443 2153 1579 2222 vendero
1606 2152 1687 2233 dolis
1713 2151 1916 2222 condicione?

392 2269 434 2364 fr.
467 2255 550 2343 772.
578 2271 671 2341 Haud
698 2280 783 2342 recte
811 2271 928 2342 lemica
947 2273 1107 2360 imperitat
1133 2273 1228 2353 domi;
1249 2272 1334 2362 quod
1355 2274 1393 2341 iis
1411 2273 1573 2360 contingit,
1601 2275 1655 2361 qui
1672 2292 1753 2354 ,sese
1781 2273 1914 2342 feminae

375 2401 498 2472 ditiori
526 2402 754 2483 coniunxerint,
781 2419 883 2489 eoque
910 2401 1101 2487 ignominiae
1124 2402 1267 2483 veniunt,
1295 2409 1329 2469 ut
1357 2399 1445 2470 liberi
1473 2421 1515 2470 en
1540 2408 1649 2485 matre,
1675 2421 1739 2472 uon
1765 2419 1805 2470 ex
1831 2408 1914 2488 patre

397 2521 606 2610 appellentur.
636 2519 685 2592 El.
709 2521 799 2590 1132.
829 2517 992 2610 Optimum
1032 2529 1078 2588 est
1119 2522 1212 2607 igitur
1253 2520 1428 2590 mediocres
1470 2522 1593 2608 nuptias
1633 2520 1806 2610 prudenter
1837 2520 1913 2588 inire

389 2639 434 2732 fr.
466 2641 549 2723 505,
577 2640 654 2709 illud
675 2649 837 2734 sequutus,
865 2641 956 2729 quod»
970 2639 1258 2728 proverbii-locum
1284 2640 1464 2710 obtinuerat
1484 2651 1534 2713 rto
1561 2649 1637 2712 κατὰ
1658 2648 1757 2717 σαυτὸν
1780 2647 1832 2710 ἔλα
1852 2633 1910 2734 (4).

390 2759 507 2830 llerurn
537 2769 571 2830 ut
599 2761 693 2830 multa
719 2761 882 2852 popularis
908 2762 1081 2850 supientiae
1110 2770 1287 2851 praecepta,
1328 2760 1359 2829 id
1401 2779 1526 2851 quoque
1553 2757 1820 2832 obliviscebantur
1844 2761 1909 2828 auri

391 2880 560 2971 splendore
588 2885 683 2971 capti3
711 2882 795 2972 quod
821 2883 850 2949 ni
871 2883 912 2949 ita
939 2882 1056 2962 luisset,
1082 2881 1249 2970 Euelpides
1277 2883 1464 2950 modestiam
1486 2884 1516 2950 in
1537 2900 1632 2951 aare
1651 2879 1824 2950 ldeutidem
1851 2898 1906 2948 nou

390 3003 549 3072 suasisset.
577 2999 618 3071 dt
642 3003 735 3092 copia
762 3002 917 3090 quaedam
946 3004 991 3070 rei
1018 3002 1181 3072 familiaris
1208 3012 1238 3070 et
1267 3003 1339 3090 ipsi,
1356 3002 1514 3092 prosperis
1541 2998 1705 3073 connubiis
1731 2999 1909 3070 necessaria

391 3119 565 3204 ridebatur,
593 3140 729 3213 quorum
757 3122 882 3192 vincula
907 3123 1086 3203 laxarentur
1113 3123 1228 3212 inopia
1256 3141 1351 3210 quam
1392 3119 1433 3190 ob
1474 3141 1539 3190 rem
1572 3120 1717 3190 nomines
1743 3119 1843 3188 solent
1865 3117 1907 3185 illi

388 3242 513 3331 quidem
535 3243 660 3331 generis
680 3220 876 3325 nobilitatem
894 3241 1053 3332 admirari,
1073 3242 1129 3310 sed
1150 3243 1283 3312 divitum
1309 3241 1558 3312 necessitudines
1586 3248 1743 3330 quaerunt
1758 3238 1799 3331 fr.
1828 3238 1905 3307 399.

440 3365 502 3432 lam
539 3383 636 3453 supra
666 3365 910 3433 demonstratum
946 3370 994 3430 est
1023 3361 1220 3432 nobilitatem
1247 3371 1277 3432 et
1305 3360 1336 3430 in
1367 3360 1514 3451 populari
1556 3361 1691 3450 imperio
1725 3380 1788 3428 uon
1820 3357 1905 3448 parri

388 3482 528 3554 habitam
555 3487 669 3565 luisse;
699 3503 756 3552 nec
783 3473 899 3552 mirbm
927 3483 1048 3551 violetur
1075 3483 1255 3572 complures
1282 3482 1455 3552 liberorum
1475 3501 1588 3551 caussa
1606 3478 1745 3550 nobilem
1764 3481 1900 3569 quamvis
1936 3471 1938 3474 ’

386 3604 560 3674 deformem
593 3606 743 3674 leminarn
777 3604 862 3672 diviti
890 3623 927 3672 ac
964 3603 1110 3690 plebeiae
1146 3605 1366 3693 anteposuisse
1390 3601 1432 3693 [r.
1464 3600 1547 3675 409.
1577 3602 1649 3692 lpse
1682 3600 1842 3680 interdum
1867 3597 1904 3668 ad

384 3724 508 3794 nobiles
527 3727 651 3815 nuptias
673 3706 823 3805 bortatur,
843 3722 996 3811 aquibus
1016 3723 1062 3792 dii
1082 3744 1207 3793 omnem
1228 3725 1440 3794 calamitatem
1460 3731 1604 3794 avertant
1620 3719 1716 3814 ¹dada.
1738 3717 1856 3811 tate(
1881 3716 1902 3809 ).

384 3844 472 3914 Haec
507 3866 581 3916 vero
609 3847 647 3914 ad
676 3865 765 3935 reges
799 3863 836 3912 ac
872 3845 1029 3932 principes
1056 3846 1202 3914 videntur
1229 3847 1387 3936 pertinere
1417 3865 1521 3936 neque
1548 3845 1587 3912 iis
1612 3853 1801 3932 repugnare,
1827 3859 1904 3929 quae

384 3964 462 4034 alibi
494 3967 534 4035 de
568 3964 696 4054 paribus
726 3965 842 4054 nuptiis
871 3966 1081 4054 reperiuntur.
1112 3964 1165 4034 Est
1191 3967 1274 4034 enim
1310 3963 1364 4033 ubi
1401 3966 1446 4033 ait
1473 3963 1598 4033 beatam
1624 3963 1720 4031 vitam
1755 3959 1903 4032 nobilitati

331 4079 339 4094 '
383 4084 635 4175 anteponendam
660 4085 703 4178 sr.
728 4088 766 4169 «a,
796 4087 890 4155 inane
917 4105 987 4154 esse
1015 4083 1186 4155 nobilitatis
1213 4105 1337 4168 nomeu,
1366 4085 1620 4174 quodomnium
1656 4083 1818 4168 bominum
1845 4099 1902 4148 uua

383 4205 560 4295 eademque
586 4207 672 4293 origo
700 4207 740 4273 sit
763 4203 887 4298 sr.53;
914 4207 1001 4275 cives
1037 4198 1207 4295 peregrini,
1243 4203 1458 4290 serviliberi,
1496 4206 1562 4274 suis
1588 4204 1730 4293 'quisque
1757 4197 1901 4274 laudibus

382 4326 521 4394 confidat
546 4345 606 4394 neo
634 4327 742 4414 generi
776 4326 951 4416 quidquam
980 4325 1105 4396 tribuat.
1152 4323 1154 4328 ’
1210 4373 1212 4376 -
1752 4333 1755 4338 “

432 4443 646 4533 Xcouiugiis.
668 4449 781 4517 iterum
809 4448 955 4516 ineundis
982 4445 1149 4536 Euripides
1177 4447 1322 4530 deterret,
1351 4445 1435 4536 qood
1465 4461 1598 4514 noverea
1617 4449 1731 4512 natura
1757 4444 1822 4533 ipsa
1842 4440 1899 4531 pri·

382 4568 484 4656 riguis
509 4557 635 4637 inim-ica
661 4569 702 4637 sit
725 4566 768 4660 fr.
800 4569 831 4652 l,
859 4569 943 4653 82l‚
975 4567 1083 4651 abab,
1114 4547 1386 4640 recantamus
1405 4566 1542 4635 moriens
1562 4554 1731 4634 Admetum
1762 4559 1897 4652 precibus

415 4837 446 4905 tii
468 4834 611 4893 Plutarch.
631 4839 691 4907 ch.
712 4837 760 4906 153
782 4839 839 4904 101.
860 4836 979 4906 1310111.
994 4825 1063 4907 prol:
1085 4835 1114 4906 23
1135 4837 1228 4890 Lacon.
1248 4835 1375 4906 apopblb.
1392 4849 1419 4902 p.
1439 4832 1497 4888 773.
1571 4841 1573 4846 “
1645 4883 1650 4896 ,
1736 4859 1762 4868 -ι
1875 4857 1878 4866 ·

413 4919 612 4994 (El-Plataea
642 4926 668 4996 V,
689 4943 715 4995 p.
733 4923 798 4992 4503
818 4926 857 4995 Vl,
874 4942 902 4994 p.
925 4919 990 4982 785.'
1009 4923 1123 4978 Aristotr
1153 4937 1207 4992 rap.
1225 4923 1251 4992 7,
1271 4920 1311 4978 111.
1327 4921 1396 4986 ,1110
1417 4919 1481 4976 loeo
1500 4917 1579 4990 Plato
1598 4917 1633 4992 ab
1652 4933 1730 4994 anno
1750 4908 1896 4974 XXVnrirlS

379 5021 483 5065 uxores
500 5009 646 5064 ducendas
664 5010 707 5067 ait
731 5026 788 5080 rep.
811 5010 850 5076 VI,
865 5027 893 5078 p.
916 5009 975 5064 772.

412 5094 685 5165 13)(1110011100101
709 5090 785 5166 apud
803 5101 914 5152 veteres
932 5095 1065 5150 occurrit.
1087 5088 1177 5149 Plautl
1200 5093 1268 5150 nut'
1288 5090 1313 5166 3,
1339 5093 1364 5162 5,
1389 5091 1417 5147 61
1441 5091 1557 5146 dotatae
1572 5089 1703 5146 mactant
1722 5094 1752 5144 et
1776 5085 1849 5143 malc
1863 5089 1895 5138 'et
1926 5152 1929 5157 .

377 5181 484 5240 demna
501 5181 586 5239 viros.
600 5181 730 5241 I’urenal.
749 5181 801 5238 Eat
820 5181 846 5251 a,
859 5179 909 5237 ruo
927 5177 1142 5238 intolerabilius
1157 5179 1231 5235 nibil
1250 5167 1294 5234 ast
1309 5192 1397 5250 quam
1422 5177 1530 5234 femina
1550 5177 1634 5232 diues
1645 5196 1651 5246 3
1662 5171 1693 5246 a,
1707 5175 1764 5234 tta,
1779 5174 1894 5234 veniunt

378 5269 477 5329 adole
495 5258 645 5341 sagittaria
783 5331 785 5340 ,

410 5355 448 5425 (4)
467 5354 612 5411 Plutarch.
630 5371 709 5423 puer,
729 5357 804 5408 educ.
831 5353 871 5410 19.

414 5440 451 5516 15)
470 5439 524 5499 un.
548 5441 678 5515 Xenopb.
695 5443 769 5497 Hier.
790 5439 869 5514 1,27.
