4010 6172
760 303 959 374 ..35-

93 469 159 519 nou
187 451 293 522 miuus
318 452 544 543 grauisnuam
573 474 610 523 er
638 455 852 526 dominatione
882 475 1013 525 manare
1049 453 1216 526 videbatur
1252 454 1320 548 (olr.
1357 477 1386 524 ι.
1422 477 1451 546 g.
1480 425 1627 547 Xenoplr,

96 566 209 638 Oecon.
241 565 286 663 l).
315 569 412 641 Nemo
441 593 501 641 non
535 573 791 642 commoditatem
829 575 989 666 quandam
1017 591 1055 645 ac
1083 572 1302 644 liberalitatem
1338 573 1517 658 affectabat,
1545 594 1629 666 quae

94 688 247 759 diuturno
274 689 454 762 divitiarum
484 713 540 761 usu
569 703 802 784 comparantur.
832 694 936 763 Animi
963 702 1149 765 ornamenta
1168 713 1230 764 nou
1249 695 1353 764 miuus
1373 715 1469 786 quam
1488 693 1630 784 corporis

98 809 343 896 quaerebantur,
371 820 401 878 et
428 831 541 900 magna
569 821 615 882 ost
642 811 835 884 Graecorum
864 812 1042 902 lausquod
1072 833 1131 883 neo
1160 812 1295 904 publicis
1323 833 1383 883 nec
1411 815 1541 905 priuatis
1567 832 1627 883 ne-

30 1008 34 1015 ,
96 930 191 1015 gotiis
217 928 257 998 ab
275 931 390 1000 artium
419 940 450 1000 et
477 931 639 1001 literarum
661 932 746 1002 cultu
767 930 915 1022 prohibiti
935 935 1058 1003 luerint.
1079 933 1284 1004 Haecautom
1304 934 1425 1004 divitiis
1444 932 1629 1004 nitebantur

97 1050 189 1118 etin
218 1048 358 1121 moribus
386 1059 447 1120 lam
478 1054 601 1142 penitus
629 1053 722 1122 insita
748 1062 779 1120 et
807 1055 979 1122 inveterata
1006 1061 1106 1137 erant,
1134 1060 1169 1123 ut
1196 1054 1322 1124 minime
1350 1055 1464 1124 mirum
1482 1052 1629 1124 videatur
1761 1087 1763 1090 ·

100 1168 285 1260 Euripidem
315 1171 468 1260 pecuniae
492 1170 672 1241 laudatores
702 1173 733 1242 in
762 1193 888 1242 scenam
924 1172 1108 1262 produxisse
1141 1169 1211 1266 (cir.
1234 1194 1309 1263 pop.
1345 1175 1378 1257 6,
1412 1171 1455 1245 Ν.
1496 1170 1540 1266 l),
1574 1193 1630 1243 eos

103 1291 275 1379 praecipue
301 1291 355 1379 qui
386 1309 509 1378 ruragnrs
537 1290 715 1360 inl'ortuuiis
742 1293 846 1362 alllicti
874 1300 990 1362 esseut.
1013 1291 1154 1362 Pecunia
1173 1312 1234 1362 non
1261 1291 1355 1363 modo
1373 1291 1542 1384 voluptatis
1562 1294 1630 1362 lons

99 1411 132 1477 in
161 1410 315 1478 conuiuiis
342 1419 374 1479 el
403 1411 485 1480 inter
514 1410 628 1500 pocula
655 1411 865 1500 praedicatur,
893 1411 1073 1482 sedetiam
1100 1414 1131 1480 in
1160 1411 1250 1482 malis
1267 1411 1368 1482 solatii
1389 1421 1420 1482 et
1440 1412 1629 1482 fortitudinis

94 1525 138 1619 sr.
170 1527 253 1612 olo,
282 1529 322 1607 ad
350 1530 468 1616 ingenii
497 1527 669 1599 bonilatem
699 1551 847 1618 magnum
876 1539 1070 1602 momentum
1095 1530 1137 1624 fr.
1168 1530 1258 1612 blm
1288 1533 1393 1623 inopia
1419 1552 1457 1602 ac
1476 1532 1627 1602 lamesad

99 1647 257 1718 maleficia
284 1648 449 1739 impellunt
471 1647 513 1741 [r.
544 1651 627 1719 907.
662 1650 798 1720 Pecunia
826 1650 968 1721 levantur
986 1671 1156 1736 aerumnae
1170 1648 1212 1742 fr.
1233 1651 1322 1738 8l0;
1353 1651 1455 1736 exsul,
1483 1651 1509 1720 si
1538 1651 1626 1742 inops

98 1766 150 1848 sit,
180 1768 294 1856 poterit
321 1767 374 1837 ille
401 1768 528 1858 quidem
557 1766 692 1858 benigne
721 1769 897 1860 partilisper
924 1772 1053 1860 excipi;
1081 1791 1152 1840 mox
1181 1791 1255 1841 vero
1283 1768 1446 1860 neglectus
1473 1769 1629 1842 deseritur

101 1884 145 1954 H.
176 1886 209 1956 F.
239 1887 321 1956 303.
351 1887 475 1957 Divitiis
504 1891 584 1957 inter
611 1887 761 1958 mortales
783 1891 919 1960 maximi
946 1890 1083 1962 honores
1117 1888 1311 1970 tribuuntur;
1339 1888 1452 1960 iisdem
1482 1888 1629 1960 nobilitas

98 2006 310 2077 confirmatur
338 2004 450 2076 Phoco.
482 2006 563 2078 439.
592 2008 693 2079 Maior
719 2009 931 2099 persuadendi
949 2013 996 2084 vis
1012 2019 1058 2080 est
1077 2012 1233 2100 pecuniae
1252 2028 1346 2099 quam
1367 2010 1514 2091 orationi;
1533 2030 1630 2099 quam

95 2127 166 2195 vim
197 2129 286 2197 aiunt
320 2138 352 2198 el
382 2129 465 2219 apud
498 2129 575 2199 deos
610 2128 715 2198 valere
748 2128 830 2198 Mod.
865 2128 949 2214 964,
983 2139 1013 2199 et
1051 2131 1127 2221 ipsis
1156 2129 1300 2220 pulcrum
1329 2150 1400 2200 esse
1428 2129 1609 2220 locupletari
1621 2155 1629 2214 ;

100 2249 222 2316 etenim
250 2268 385 2337 quorum
414 2246 529 2337 templa
556 2247 673 2318 divitiis
699 2258 810 2319 ornata
835 2249 910 2333 sint,
938 2270 1045 2319 eorum
1074 2251 1174 2319 maior
1200 2259 1249 2319 est
1274 2249 1376 2320 cultus
1404 2257 1498 2338 alque
1525 2249 1626 2318 admi-

97 2367 181 2435 ratio
207 2364 248 2459 fr.
279 2367 362 2441 792.
389 2365 558 2456 Opulcntia
598 2369 823 2439 iucundissima
857 2378 903 2437 est
936 2389 997 2438 non
1032 2370 1070 2439 ad
1112 2369 1331 2462 quotidianum
1358 2370 1486 2452 victum,
1515 2369 1628 2439 divites

95 2488 184 2554 enim
208 2506 269 2554 uon
292 2485 379 2577 plum
399 2485 567 2556 comedunt
585 2507 681 2578 quarn
711 2506 874 2576 pauperes,
901 2486 956 2557 sed
985 2497 1153 2577 propterea
1179 2489 1263 2580 quod
1281 2489 1483 2580 suppeditant
1509 2486 1625 2579 quihus

99 2607 215 2678 amicis
233 2624 455 2675 succurramus
481 2625 518 2674 ac
546 2625 624 2675 sana
651 2626 784 2695 corpora
809 2626 971 2677 servemus
1001 2605 1047 2675 El.
1078 2606 1160 2679 let.

147 2724 308 2815 Euripidis
335 2725 444 2815 optimi
472 2726 551 2794 ciuis
577 2744 615 2793 ac
643 2726 765 2794 lunesto
792 2723 876 2794 bello
904 2727 1080 2813 exasperati
1109 2711 1349 2796 acerbissimum
1375 2725 1481 2795 odium
1510 2726 1569 2794 luit
1598 2727 1628 2793 iu

97 2845 264 2936 Spartam;
302 2863 399 2934 quam
424 2844 621 2914 contumeliis
655 2852 685 2912 et
720 2843 895 2912 maledictis
927 2845 1081 2914 onerandi
1116 2845 1236 2915 nullam
1271 2850 1469 2916 occasionem
1505 2845 1627 2913 omittit.

96 2961 147 3034 Ac
174 2964 312 3053 primum
340 2972 452 3035 contra
477 2964 647 3052 Spartanos
676 2971 737 3032 tota
765 2961 869 3032 labula
895 2972 943 3032 est
968 2984 1052 3054 quae
1079 2961 1290 3032 Andromache
1321 2962 1518 3056 inscribitur.
1547 2962 1624 3033 Eam

95 3084 203 3154 larunt
229 3085 359 3154 ineunte
386 3083 469 3154 bello
497 3082 590 3170 Argis
617 3092 718 3152 aotam
747 3104 827 3166 esse,
850 3095 882 3152 ut
900 3080 1007 3172 Argiui
1026 3084 1064 3152 ad
1084 3085 1265 3153 societatem
1292 3081 1534 3153 Atheniensium
1554 3083 1627 3152 alli·

95 3212 249 3273 cerentur
278 3197 339 3297 (l).
367 3203 436 3274 Non
465 3201 614 3294 equidem
644 3202 737 3272 credo
775 3213 858 3272 recte
887 3202 1045 3272 iudicasse
1071 3202 1272 3272 Schekelium
1302 3203 1321 3272 l.
1350 3201 1368 3272 l.
1391 3225 1425 3294 p.
1457 3202 1540 3286 357,
1571 3200 1625 3273 uhi

95 3326 142 3393 ait
167 3323 302 3411 primum
323 3323 504 3413 Euripidem
527 3324 556 3390 in
576 3321 691 3392 labulis
717 3320 896 3392 scribendis
917 3323 1041 3392 adrem
1063 3322 1222 3418 publicam
1241 3323 1385 3413 aliasque
1403 3324 1453 3394 sui
1473 3323 1625 3412 temporis

95 3443 234 3512 rationes
261 3451 439 3531 spectasse3
470 3441 644 3533 Aesohplus
672 3444 755 3511 euim
781 3442 974 3512 Eumenidas
993 3451 1214 3532 composuerat
1234 3450 1267 3511 ut
1286 3443 1448 3533 pristinam
1469 3443 1625 3532 Areopagi

94 3564 316 3633 auctoritatem
344 3562 530 3631 defenderet
556 3557 617 3658 (E).
645 3559 685 3630 Al
712 3565 795 3631 enim
822 3563 898 3651 quid
926 3559 986 3630 sibi
1014 3559 1189 3653 Aeschylus
1218 3564 1418 3652 proposuerit
1445 3583 1506 3633 nec
1531 3565 1627 3633 nimis

96 3683 301 3774 perspicuum
328 3703 387 3752 nco
414 3702 433 3751 a
460 3680 643 3770 tragoediae
659 3679 852 3750 sublimitate
870 3689 1027 3750 remotum
1047 3689 1189 3771 apparet.
1208 3679 1435 3772 Spartanorum
1461 3681 1630 3773 superbiae

95 3813 127 3874 et
155 3803 397 3873 inhumanitatis
423 3801 587 3873 Menelaus
615 3803 747 3892 eiusque
764 3802 831 3870 filia
856 3801 1036 3884 Hermione,
1059 3797 1282 3870 Andromacha
1302 3822 1465 3888 personae,
1484 3803 1628 3892 exemplo

95 3933 180 4007 sunt¹
208 3923 262 4011 qui
291 3924 438 3994 miseram
475 3921 716 3992 Andromachen
743 3923 873 4012 eiusque
909 3921 1073 4012 paruulum
1102 3922 1201 3990 hlium
1236 3922 1415 3991 interficere
1449 3924 1632 4007 coniurant,
1762 3931 1766 3936 ’

97 4041 135 4112 Ut
162 4038 408 4114 Andromachen
436 4041 476 4114 ab
496 4042 649 4113 altaribus
668 4040 809 4111 Thetidis
828 4050 988 4111 removeat
1009 4040 1171 4111 Menelaus
1190 4040 1270 4110 dolis
1289 4062 1325 4110 ac
1343 4040 1508 4111 fraudibus
1529 4045 1629 4112 utitur

95 4185 123 4235 u.
155 4160 238 4248 tao,
266 4165 333 4233 eius
359 4183 397 4234 ao
424 4161 549 4233 Molossi
578 4163 724 4252 querelas
751 4163 818 4231 sine
847 4161 910 4232 ulla
937 4160 1156 4230 misericordia
1177 4161 1264 4230 audit
1286 4183 1312 4228 u.
1342 4162 1413 4240 aar
1436 4163 1520 4252 quod
1541 4162 1631 4231 stulti

97 4285 138 4354 sit
170 4283 336 4354 inimicum
368 4284 527 4354 dimittere
561 4305 660 4373 qurum
697 4284 766 4352 eius
800 4283 900 4352 caede
934 4283 1042 4350 omrria
1069 4282 1208 4369 pericula
1236 4302 1255 4349 a
1281 4302 1314 4351 se
1343 4301 1507 4350 removere
1536 4280 1630 4353 liceat

96 4425 125 4478 o.
156 4403 242 4476 old.
271 4403 308 4474 Et
333 4401 408 4474 alibi
444 4402 607 4473 Menelaus
634 4404 778 4493 cupidus,
808 4401 935 4486 infidus,
968 4401 1168 4485 inhumanus,
1208 4402 1314 4470 omnia
1352 4401 1390 4470 ad
1426 4421 1516 4470 suam
1544 4401 1631 4470 utili-

99 4533 194 4595 tatem
227 4524 366 4594 relerens
385 4532 516 4615 apparel
544 4522 613 4618 (clr.
644 4519 785 4591 Orestai
817 4521 929 4591 Trood.
958 4519 1101 4614 passim),
1130 4519 1302 4589 Hermione
1337 4541 1442 4602 saeva,
1482 4522 1633 4608 peruicax

97 4665 234 4730 moroso,
263 4645 381 4716 divitiis
408 4644 500 4714 elata.
524 4643 613 4729 erae
642 4663 703 4712 nou
730 4644 867 4730 ingenuo
885 4643 991 4709 auimo
1012 4641 1067 4710 sed
1088 4645 1198 4708 timore
1218 4637 1258 4708 ab
1278 4635 1498 4710 Andromache
1528 4642 1629 4711 insec-

99 4765 196 4836 tanda
221 4766 399 4836 deterretur
433 4774 464 4834 et
490 4785 560 4834 curn
589 4762 702 4833 Oreste
731 4763 855 4850 lugiens
884 4763 942 4828 viri
969 4762 1101 4830 caedem
1139 4759 1316 4828 meditatur.
1347 4761 1379 4828 ln
1408 4760 1477 4828 aliis
1505 4781 1632 4849 quoque

99 4883 215 4956 labulis
240 4885 408 4977 Euripides
435 4887 576 4954 animum
603 4881 762 4973 Spartanis
792 4881 948 4950 inlensum
976 4879 1118 4962 eliundit,
1148 4887 1180 4948 ut
1200 4879 1230 4946 in
1251 4877 1462 4968 supplicibus,
1490 4900 1572 4970 quae
1592 4881 1631 4949 ad

132 5229 166 5298 (A)
186 5225 274 5286 Sebol.
294 5235 340 5280 Καὶ
359 5233 466 5299 φαίνεται
491 5227 515 5280 δὲ
537 5233 696 5298 γεγραμμένον
718 5233 745 5280 τὸ
772 5227 852 5297 δρᾶμα
869 5227 892 5275 ἐν
911 5225 974 5297 ἀρχῇ
993 5234 1033 5276 τοῦ
1052 5227 1261 5280 arabonam-natam
1280 5229 1394 5290 nollpou.
1416 5224 1470 5281 Cir.
1489 5225 1578 5281 Scbnl,
1597 5225 1633 5280 ad

97 5314 184 5370 sulib
202 5317 280 5390 quod
297 5315 386 5372 edidit
403 5315 538 5372 Cohelius
558 5314 586 5368 in
606 5314 735 5384 Append.
756 5311 904 5369 Phoeniss.
924 5309 991 5366 edit.
1011 5309 1173 5366 Geelianae.

134 5401 167 5472 bl
185 5402 239 5458 Cir.
266 5402 334 5460 Otfr.
353 5401 472 5460 Mueller
489 5402 519 5457 in
537 5400 680 5458 Eumenid.
702 5398 737 5454 ab
756 5399 819 5470 ipso
838 5395 931 5454 editis.
