3986 6172
1068 311 1269 382 ...pp-

407 472 503 532 tntum
530 471 592 552 est,
618 461 734 554 quibus
769 462 857 534 liberi
893 463 953 534 uisi
995 474 1130 556 utroque
1165 475 1293 557 parente
1326 431 1507 549 citonati,
1546 467 1682 552 impares
1722 458 1920 531 habebantur.

407 583 584 670 Praeterea,
625 585 678 673 uui
718 592 782 654 tum
824 603 927 654 mores
966 594 1063 669 eraut,
1098 606 1223 657 sorores
1265 607 1304 658 ex
1347 595 1436 678 patre
1473 587 1505 656 in
1541 582 1773 656 matrimonium
1816 579 1921 649 ducere
1966 615 1967 640 r

405 701 529 785 licebat,
558 724 619 773 nou
648 710 750 773 mmen
777 723 901 774 sorores
927 723 966 774 ex
994 714 1103 776 metue.
1140 706 1273 778 Multum
1302 706 1431 796 quidem
1459 712 1548 796 pater
1581 712 1614 773 et
1640 709 1740 772 mater
1772 700 1806 768 in
1835 699 1921 790 patria

407 831 557 912 potestate
583 821 781 907 differebant,
808 842 904 913 quum
933 825 1083 896 mulieres
1110 845 1269 918 nunqnam
1299 829 1347 897 sui
1375 827 1454 896 iuris
1479 833 1593 896 essent.
1622 823 1736 893 l'erum
1763 819 1807 890 ad
1833 819 1921 888 officia

407 963 445 1013 ac
472 943 620 1033 pietatem
647 943 819 1015 liberorum
848 944 932 1015 nulla
959 947 1102 1030 uarietas,
1129 967 1165 1018 ao
1196 945 1324 1039 paribus
1348 945 1459 1037 poenis
1486 941 1705 1016 afficiebantur
1730 942 1785 1032 qui
1814 949 1938 1030 patrem,

408 1072 440 1132 ot
465 1066 518 1152 qui
546 1072 675 1134 matrem
708 1067 837 1154 indigne
876 1063 1068 1151 habuissent,
1098 1066 1146 1136 rel
1182 1087 1276 1138 senes
1303 1086 1366 1138 nou
1395 1065 1556 1147 aluissent,
1582 1063 1632 1135 uel
1658 1063 1787 1134 inferias
1814 1060 1921 1130 omisis·

407 1182 636 1268 semoribus
668 1183 764 1255 rebus
803 1204 864 1256 non
892 1185 986 1254 modo
1022 1185 1203 1276 parentibus
1229 1188 1297 1258 iure
1334 1206 1438 1284 agere,
1470 1185 1645 1256 sedetiam
1677 1184 1792 1254 ciuium
1822 1183 1921 1270 cuique

408 1304 606 1391 magistratus
634 1313 773 1392 petentes
800 1311 962 1386 accusare,
999 1303 1038 1374 ab
1067 1305 1239 1384 bonoribus
1274 1317 1306 1376 et
1337 1308 1403 1376 iure
1431 1303 1554 1395 publice
1585 1302 1737 1394 loquendi
1765 1299 1920 1392 probibere

406 1420 530 1492 licebat.
560 1424 706 1493 Parentes
734 1443 796 1492 nou
825 1425 917 1494 modo
946 1433 1092 1515 pateret
1119 1427 1300 1496 mutersed
1328 1435 1359 1494 et
1389 1445 1466 1495 auus
1504 1434 1535 1494 et
1565 1425 1637 1494 arie
1665 1419 1864 1492 habebantur
1892 1439 1920 1490 ar

406 1543 431 1610 si
459 1543 530 1633 quis
555 1544 708 1612 maiorum
729 1551 811 1614 esset
842 1554 1010 1634 superstes.
1039 1546 1104 1615 Nou
1139 1565 1254 1636 paucos
1280 1546 1383 1616 cilicia
1411 1542 1548 1614 Eliorum
1573 1543 1776 1612 contemsisse
1804 1547 1920 1610 testatur

408 1663 577 1752 Dionysius
596 1661 899 1747 Halicarnassensis‚
918 1683 988 1733 eam
1009 1665 1146 1735 relereus
1166 1665 1394 1754 neglegentiam
1414 1664 1454 1734 ed
1474 1664 1565 1732 mites
1579 1661 1818 1732 Atheniensium
1839 1660 1918 1749 lepos.

407 1778 447 1851 dt
473 1789 606 1850 matrum
636 1783 703 1852 iura
731 1775 854 1870 integra
880 1793 1119 1870 permanserunt
1154 1804 1256 1874 nepote
1291 1804 1339 1868 ea,
1375 1803 1471 1874 qurum
1505 1780 1920 1873 memoravimuspbiloso·

410 1903 544 1992 pboruun
573 1902 712 1971 doctrina
742 1923 881 1992 nuquam
909 1904 1075 1996 imminuto
1101 1912 1183 1974 sunt.
1210 1899 1245 1976 ld
1271 1922 1401 1996 quoque
1418 1900 1733 1973 animaduertendum
1761 1907 1919 1982 consecet

407 2018 599 2113 Aeschylum
628 2030 657 2090 et
685 2022 865 2112 Euripidem
893 2025 924 2093 in
952 2021 1065 2094 Oreste
1098 2023 1298 2096 ostendendo
1332 2043 1370 2095 ea
1402 2025 1522 2094 ratione
1553 2042 1626 2092 usos
1665 2041 1745 2092 esse.
1774 2020 1837 2091 Sed
1861 2019 1918 2089 aliis

408 2140 487 2210 locis
515 2143 557 2210 nit
590 2141 756 2232 Euripides
783 2142 825 2212 nil
857 2162 927 2212 esse
956 2152 1055 2214 matre
1088 2144 1212 2214 dulcius
1239 2145 1372 2234 eiusque
1403 2164 1542 2214 amorem
1578 2142 1792 2232 suadetque
1828 2139 1918 2220 nullus

408 2262 534 2332 suavior
573 2262 645 2348 tingi
676 2264 773 2351 possit
796 2259 839 2354 fr.
870 2265 953 2332 360.
990 2262 1127 2334 Persona
1160 2264 1315 2354 quaedam
1350 2285 1470 2334 ommes
1499 2265 1631 2334 seminas
1658 2281 1771 2352 perosa
1796 2268 1915 2332 matrem

409 2383 523 2471 excipit
545 2379 586 2473 [ν.
615 2381 699 2452 500.
727 2381 859 2452 Cnossos
887 2385 1016 2452 materni
1058 2387 1173 2454 amoris
1207 2384 1319 2475 repetit
1346 2404 1384 2454 ex
1418 2385 1489 2474 ipsa
1525 2393 1647 2462 natura,
1682 2401 1799 2465 mores,
1825 2380 1918 2460 credo,

408 2502 519 2570 aetatis
546 2521 625 2572 suae
653 2501 764 2571 leviten
790 2522 920 2592 carpens
944 2502 985 2596 [ν.
1018 2501 1129 2573 root:

834 2734 878 2799 ciel
901 2737 931 2800 δὲ
952 2738 1044 2819 μα’ντνρ
1067 2738 1228 2824 φιλότεκνος
1249 2742 1363 2813 μᾶλλον
1384 2739 1499 2821 πατρός,

835 2859 851 2920 λ
872 2857 1003 2942 μὲνγὰρ
1025 2860 1113 2932 cirris
1135 2858 1205 2922 riter
1228 2857 1316 2926 dra’t
1337 2857 1466 2923 l'ot'srrrr.

408 3101 530 3188 Quibus
557 3102 650 3173 robus
677 3105 843 3176 coniicitur
869 3105 1052 3195 Euripidem
1081 3105 1250 3196 perlectam
1279 3103 1439 3195 quandam
1459 3101 1624 3174 mulierum
1652 3104 1792 3192 speciem
1819 3105 1911 3170 mento

407 3222 609 3312 complerem
635 3245 715 3310 esse,
743 3224 870 3314 qualem
898 3225 981 3295 baud
1008 3228 1073 3296 scio
1100 3245 1140 3295 an
1169 3227 1337 3315 quisquam
1365 3231 1507 3294 ueterum
1528 3223 1675 3300 finxerit:
1695 3220 1832 3292 eundem
1851 3235 1917 3287 uero

408 3343 593 3414 muliebrem
620 3364 733 3414 sexum
760 3345 933 3434 despicatui
962 3343 1126 3427 babuisse,
1143 3345 1228 3435 qnod
1247 3343 1288 3414 ab
1307 3363 1346 3414 eo
1363 3345 1470 3434 specie
1488 3343 1581 3432 longo
1602 3340 1767 3413 interuallo
1786 3340 1914 3410 distaret.

428 3501 431 3514 ι
460 3463 505 3532 llo
532 3474 660 3554 paterno
687 3484 794 3534 amore
820 3485 859 3538 ea
884 3467 1020 3554 scripsit,
1048 3463 1164 3554 quibus
1191 3464 1327 3553 optimus
1354 3472 1442 3552 pater
1469 3463 1567 3533 luisse
1595 3463 1751 3532 rideatur.
1779 3457 1915 3530 Omnium

381 3583 614 3654 'suauissimus
641 3583 731 3654 locus
749 3593 798 3653 est
821 3582 864 3676 [r.
896 3585 981 3654 3l8:

833 3819 931 3904 γύναι,
953 3819 1035 3906 φίλον
1056 3820 1108 3895 μὲν
1130 3817 1248 3905 φέγγος
1269 3818 1348 3880 ἡλίου
1370 3815 1444 3896 ride,

834 3941 921 4003 καλὸν
942 3938 972 4002 δὲ
993 3941 1093 4002 πόντον
1114 3941 1217 4019 χεῦμα
1239 3937 1305 4002 λδεῖν
1326 3939 1466 4014 εύίννεμον,

834 4063 878 4140 po
898 4059 1023 4141 r’r'rprrrir
1043 4057 1195 4122 bullionum
1215 4057 1346 4122 πλούσιόν
1368 4057 1402 4121 θ’
1414 4056 1501 4138 ὕδωρ,

834 4182 949 4240 πολλῶν
969 4177 996 4240 τ’
1004 4178 1113 4242 ’ἔπαινον
1135 4175 1194 4239 ἔστι
1216 4201 1265 4252 μοι
1287 4173 1368 4254 λέξαι
1391 4176 1487 4249 καλὸν,

836 4296 902 4360 ἀλλ’
910 4295 988 4359 οὐδὲν
1010 4297 1085 4359 oo‘ro
1108 4295 1238 4378 λαμπρὸν
1261 4295 1397 4359 uoo'tistr
1415 4296 1505 4382 Ινινιλόν
1628 4335 1633 4340 -

812 4404 872 4488 ⁴obs
894 4420 952 4490 τοῒς
974 4417 1071 4480 ἄπννσν
1093 4415 1140 4478 καὶ
1161 4417 1249 4497 stop
1271 4414 1456 4500 δεδηγμένοις
1967 4385 1969 4492 λ

835 4536 943 4599 narbon
964 4539 1083 4622 νεογνῶν
1106 4538 1132 4600 ἐν
1155 4535 1249 4612 δόμοις
1271 4537 1336 4598 ἰδεῖν
1358 4536 1442 4623 φάος.
1968 4511 1969 4542 ἦ

407 4794 538 4863 Summa
564 4793 697 4863 lelicites
729 4814 840 4862 eorum
868 4803 925 4875 ost,
955 4792 1071 4883 quibos
1098 4793 1269 4864 liberorum
1298 4795 1443 4862 iuventus
1471 4793 1555 4862 domi
1583 4791 1749 4882 splendeat
1774 4811 1813 4860 ac
1836 4789 1911 4874 stirps
1967 4779 1969 4902 λ

409 4923 609 5004 propagetur.
639 4915 761 4983 Etenim
789 4912 884 4983 rebus
911 4913 1050 4982 adversis
1077 4916 1234 4997 solatium,
1253 4913 1402 4984 secundis
1421 4915 1581 5002 gaudium,
1602 4914 1722 5005 patriae
1740 4909 1910 5003 praesidium

320 5012 325 5019 ’
408 5042 480 5103 sunt
506 5032 606 5117 liberi,
635 5034 751 5102 divitiis
778 5036 946 5122 regiaeque
974 5036 1118 5123 potestati
1146 5035 1368 5124 anteponendi.
1396 5019 1545 5105 Miseram
1573 5036 1641 5104 sine
1669 5031 1777 5104 liberis
1797 5038 1910 5102 aetatem

407 5152 553 5244 appellat,
588 5172 707 5243 eosque
741 5153 995 5236 contemnendos,
1037 5156 1091 5243 qui
1132 5173 1172 5223 ea
1210 5152 1609 5244 delectentnnzoptimam
1636 5131 1707 5222 esse
1734 5152 1909 5222 mediocrem

405 5276 500 5343 vitam
531 5271 619 5362 prole
646 5271 919 5344 excrustantur.
957 5271 1038 5345 tub.
1066 5271 1155 5343 Attae
1182 5273 1252 5342 eliis
1279 5272 1425 5363 gentibus
1451 5273 1538 5360 leges
1565 5281 1647 5355 sunt,
1675 5273 1732 5342 sed
1760 5269 1909 5341 liberorum

406 5413 514 5468 amore
540 5394 594 5478 nti,
622 5395 774 5476 homines,
801 5395 972 5466 animantia
991 5402 1135 5464 tenentur
1149 5390 1192 5489 [r.
1213 5394 1296 5476 33l,
1318 5391 1401 5480 tot,
1422 5391 1535 5466 Phoco.
1557 5394 1646 5474 965;
1661 5394 1768 5488 itaque
1788 5388 1909 5462 bominas
