4010 6172
726 317 928 387 ..34-

46 472 178 568 appetit
217 478 319 560 poeta,
361 488 400 539 ac
440 489 552 540 verens
587 479 620 539 ut
653 431 962 542 44444444444114
995 471 1217 560 superfuturas
1240 476 1333 552 esset,
1364 466 1587 558 pulcherrimis

49 587 168 659 verbis
195 590 321 660 invocat
346 587 388 682 fr.
422 587 504 658 464.

106 709 244 778 Tametsi
272 707 501 780 acerbissimae
528 709 714 780 inimicitiae
742 711 824 780 inter
851 708 1046 781 Graecorum
1066 720 1175 800 gentes
1196 705 1432 778 intercedebant
1459 717 1490 776 et
1516 693 1587 776 diu·

51 836 155 897 turno
176 830 337 918 atrocique
365 827 449 900 hello
477 830 507 898 in
529 829 596 898 dies
617 830 716 916 magis
734 831 815 900 inter
834 850 868 900 se
887 829 1118 912 alienabantur,
1141 839 1241 900 tannen
1261 848 1423 918 nunquam
1442 834 1590 919 perrupta

48 957 134 1017 sunt
162 947 289 1018 4444444
316 948 559 1018 necessitudinis
585 957 683 1038 atque
710 949 924 1033 humanitatis,
954 949 1070 1040 quibus
1089 950 1260 1020 4444444444
1281 945 1459 1018 abarbaris
1479 945 1590 1036 procul

49 1066 203 1140 aberant.
232 1067 318 1140 Varii
345 1069 475 1159 quidem
502 1069 698 1158 singularum
726 1070 891 1140 civitatum
913 1079 1002 1138 erant
1020 1090 1199 1152 serrnones;
1220 1088 1329 1138 444444
1349 1087 1458 1137 omnes
1478 1065 1589 1137 iisdem

51 1188 161 1258 literis
189 1187 300 1259 imbuti
329 1188 421 1259 iacile
446 1192 529 1258 inter
554 1209 589 1258 se
617 1189 894 1279 colloquebantur;
923 1209 985 1258 nna
1005 1189 1099 1260 modo
1126 1188 1265 1273 Homeri,
1286 1185 1404 1270 Alcaei,
1424 1183 1590 1278 Sophoclis

51 1309 178 1398 scripta
196 1308 313 1398 ubique
334 1307 532 1398 legebantur,
550 1309 606 1379 sed
627 1328 668 1378 ne
688 1309 881 1400 Aeschylum
901 1309 1029 1399 quidem
1050 1309 1099 1378 uel
1124 1308 1294 1379 Pindarum
1312 1315 1432 1378 4444444
1450 1325 1589 1397 unquam

53 1429 212 1498 orationis
248 1428 447 1499 altitudinem
483 1439 513 1498 rt
540 1430 693 1517 impetum
727 1430 928 1499 44444444444
960 1437 1054 1518 44444
1087 1430 1127 1499 44
1159 1448 1359 1498 communem
1396 1425 1590 1499 Graecorum

55 1547 301 1636 intelligentiam
344 1549 611 1618 accommodasse.
655 1549 819 1618 Praeterea
846 1569 929 1639 quae
958 1552 989 1618 in
1017 1547 1133 1620 tabulis
1160 1549 1274 1619 tradita
1301 1549 1433 1632 lucrant
1459 1547 1591 1637 antiqua

55 1668 213 1752 instituta,
241 1667 404 1738 oraculum
437 1668 636 1758 llelpborum,
656 1666 730 1753 ludr,
758 1666 911 1738 libertatis
931 1670 1083 1752 studium,
1104 1689 1207 1738 mores
1226 1667 1343 1738 exculti
1363 1676 1461 1756 atque
1481 1666 1594 1762 buma-

56 1787 167 1855 nitatis
199 1797 376 1880 praecepta,
414 1807 494 1877 quae
522 1807 594 1856 oum
624 1789 720 1856 literis
749 1785 1009 1878 propagabantur,
1047 1807 1086 1857 ea
1120 1787 1224 1856 omnia
1259 1787 1298 1856 ad
1335 1769 1591 1857 communitatem

55 1907 224 1994 quandam
261 1908 344 1977 inter
379 1909 483 1976 varias
510 1915 620 1994 gentes
647 1907 899 1995 coniungendam
928 1905 1145 1989 conterebant;
1181 1927 1263 1996 qaae
1291 1907 1501 1976 communitas
1528 1927 1589 1977 non

56 2028 102 2095 ita
133 2035 244 2097 mutua
281 2029 395 2116 pietate
430 2047 524 2116 quam
555 2029 603 2097 sui
639 2027 847 2096 admiratione
875 2037 907 2098 44
933 2025 1139 2097 barbarorum
1167 2036 1325 2097 contemtu
1361 2025 1593 2096 continebatur.

56 2147 257 2237 Quanquam
284 2149 316 2217 in
345 2148 406 2217 boe
432 2168 548 2235 genero
586 2149 776 2238 praecipuae
804 2150 931 2218 fuerunt
967 2148 1053 2234 leges
1080 2150 1174 2217 totius
1207 2145 1618 2234 Graeciae·communes‚·

58 2288 122 2336 non
153 2268 227 2337 illae
256 2269 385 2356 quidem
412 2269 558 2357 scriptae,
584 2268 640 2338 sed
671 2276 820 2357 perpetua
848 2269 1078 2338 consuetudine
1106 2267 1137 2336 in
1167 2270 1280 2338 animis
1307 2265 1495 2357 insculptae,
1515 2287 1594 2356 quas

58 2398 90 2456 et
119 2387 288 2477 Euripides
314 2397 468 2459 memorat
493 2391 533 2458 44.
563 2389 637 2461 atu
664 2391 707 2458 ita
732 2397 855 2458 sanetas
883 2409 979 2478 quem
999 2391 1099 2478 pietas
1118 2403 1193 2478 erga
1214 2389 1348 2478 patriam
1376 2407 1413 2457 ac
1433 2397 1592 2478 parentes.

58 2507 152 2593 erae
183 2507 269 2596 leges
304 2512 460 2598 pertinent
487 2509 526 2578 ad
554 2508 780 2577 humanitatem
808 2519 838 2578 et
866 2529 989 2578 morum
1017 2509 1180 2598 quandam
1200 2506 1476 2577 mansuetudinem
1504 2528 1534 2575 v.
1561 2527 1591 2596 g.

60 2637 94 2697 44
123 2647 237 2698 omnes
264 2618 374 2699 Graeci
404 2630 552 2699 uniuerso
580 2629 740 2700 hominum
769 2631 828 2697 iuri
856 2638 887 2698 et
914 2630 1072 2698 civitatum
1098 2627 1222 2714 legibus
1240 2627 1464 2708 concederent,
1492 2635 1592 2716 quum

62 2748 150 2838 apud
167 2746 317 2818 barbaros
338 2749 423 2836 leges
440 2751 659 2840 opprimantur
676 2750 704 2816 vi
725 2745 779 2816 Or.
804 2746 885 2831 487,
898 2747 982 2818 Med.
998 2751 1080 2832 536,
1100 2750 1226 2818 iniurias
1245 2768 1307 2817 non
1326 2748 1443 2817 444444
1461 2748 1593 2837 patriam

62 2866 266 2940 ulciscendas
308 2866 420 2938 Phaon.
455 2867 538 2954 574,
578 2870 772 2939 necessarios
800 2869 977 2958 diligendos
1011 2865 1064 2936 Or.
1103 2866 1184 2938 486.
1218 2867 1346 2939 Orestes
1382 2868 1488 2935 matris
1516 2885 1594 2936 nece

62 3008 267 3058 communem
298 2986 492 3059 Graecorum
520 2988 623 3084 legem
648 2989 777 3058 violavit
805 2988 858 3058 Or.
891 2985 978 3072 4953
1006 2991 1079 3058 itam
1100 2986 1240 3057 Thebani
1259 2986 1391 3057 mortuis
1409 2985 1592 3074 sepulcrum

65 3108 244 3180 invidentes
269 3109 376 3202 Suppl.
408 3111 490 3194 344,
519 3109 575 3179 cir.
608 3110 693 3197 aad,
723 3110 807 3178 538.

111 3227 252 3298 Heroica
279 3228 406 3319 quidem
433 3238 536 3298 aetate
569 3228 681 3301 Graeci
709 3249 772 3298 non
799 3230 843 3298 ita
869 3228 1000 3298 multum
1036 3249 1055 3297 a
1086 3226 1231 3298 barbaris
1264 3225 1444 3329 distabant,
1476 3246 1583 3315 neqne
1650 3225 1660 3240 '

63 3347 226 3418 Homerus
251 3351 400 3419 uirtutem
429 3359 522 3439 atqne
550 3349 645 3417 animi
673 3348 933 3436 magnitudinem
951 3347 1093 3416 Troianis
1119 3345 1291 3417 abiudicat.
1324 3349 1384 3415 Sed
1415 3355 1483 3438 post
1503 3343 1589 3415 bella

64 3467 239 3538 Persarum
266 3488 381 3555 magna
409 3469 560 3559 pericula,
588 3466 704 3557 quibus
730 3469 910 3537 communis
938 3466 1064 3535 libertas
1092 3464 1214 3535 obiecta
1243 3469 1342 3537 444444
1369 3477 1400 3537 44
1428 3487 1474 3552 44,
1507 3484 1592 3555 quac

63 3587 92 3655 in
121 3595 285 3676 posterum
311 3577 551 3678 impendebant,
579 3589 685 3657 odium
714 3585 909 3658 Graecorum
937 3589 966 3655 in
996 3588 1185 3655 immensum
1213 3596 1376 3670 auxerunt,
1398 3587 1532 3656 victoria
1550 3605 1588 3655 ao

63 3726 190 3775 morum
217 3709 410 3797 comparatio
438 3708 618 3799 superbiam
638 3718 668 3778 et
687 3716 891 3778 contemtum.
913 3706 1073 3794 Euripides
1093 3725 1219 3795 quoquo
1241 3704 1390 3775 barbaros
1410 3707 1586 3797 despicatui

63 3824 158 3895 babet
184 3825 296 3895 Bacch.
328 3827 411 3910 483,
438 3830 521 3919 apud
550 3850 629 3918 quos
656 3848 776 3912 omnes,
807 3836 930 3915 praeter
958 3845 1066 3909 unum,
1095 3827 1175 3896 44444
1204 3828 1285 3908 sint·
1304 3847 1365 3915 444
1386 3828 1590 3915 potissimum

62 3966 96 4015 re
132 3967 154 4014 a
193 3943 321 4016 Graccis
358 3948 504 4017 differant
544 3946 613 4017 4444.
656 3947 742 4022 476.
777 3947 860 4029 4444,
888 3945 985 4032 leges,
1015 3949 1084 4035 ipsa
1110 3954 1239 4016 naturae
1267 3955 1436 4035 praecepta
1462 3943 1591 4014 barbari

22 4093 24 4100 ’
66 4051 402 4168 4444444444444444.
429 4043 515 4150 473,
543 4066 610 4159 ipo.
641 4069 674 4138 T.
718 4065 824 4151 4474,
853 4065 935 4135 Med.
974 4067 1088 4134 tane:
1126 4086 1186 4134 nou
1224 4066 1363 4155 hospites
1390 4067 1488 4155 ipsis,
1526 4086 1591 4134 non

66 4184 227 4275 supplices
252 4187 335 4255 sacri
365 4184 438 4256 Hoc.
468 4184 576 4273 4347,
604 4187 680 4258 Her.
711 4188 793 4256 434.
822 4184 927 4271 Quum
956 4182 1119 4282 Eurysthei
1148 4205 1263 4276 praeco
1291 4184 1436 4254 Herculis
1473 4183 1591 4255 liberos
1698 4244 1702 4251 .

65 4324 101 4373 en
129 4304 221 4375 altari
248 4304 394 4396 abripere
421 4316 600 4393 conaretur,
627 4307 811 4396 llemophon
841 4305 1080 4375 Atheniensium
1100 4326 1186 4374 rex:
1216 4307 1319 4389 bulas,
1347 4303 1460 4404 inquit,
1486 4312 1589 4375 uestes

65 4421 178 4495 Graeci
206 4425 352 4510 hominis,
380 4429 460 4497 lacta
487 4425 612 4497 barbari
639 4424 717 4498 Her.
740 4426 822 4496 430.
839 4423 922 4496 Deos
942 4425 1090 4495 hamanis
1111 4425 1220 4494 hostiis
1239 4422 1355 4507 444444,
1376 4445 1458 4515 quae
1477 4443 1588 4514 graeco

65 4563 150 4614 mora
183 4565 246 4614 non
287 4545 462 4618 habeantur
488 4555 619 4618 sauctae
644 4546 716 4638 lph.
745 4544 777 4617 T.
812 4543 893 4616 465.
933 4544 1099 4618 connubia
1125 4546 1272 4635 ignorant
1299 4553 1331 4615 et
1357 4546 1490 4613 feminas
1518 4526 1590 4614 loco

64 4683 226 4735 servorum
255 4666 371 4738 babent
395 4662 497 4740 Andr.
528 4667 598 4736 473
629 4664 697 4759 (4);
724 4667 829 4754 ignaui
846 4655 1008 4759 iidemque
1028 4666 1191 4736 inhumani
1212 4663 1268 4734 Or.
1290 4665 1387 4733 4506
1414 4665 1588 4746 amicitiam

65 4795 217 4872 spernunt
244 4807 316 4872 nec,
343 4789 370 4857 si
397 4789 468 4881 quis
495 4788 615 4856 fortiter
641 4788 805 4870 interierit,
833 4785 1033 4856 admirantur
1061 4785 1134 4857 4444.
1164 4785 1247 4858 328.
1277 4785 1312 4853 44
1349 4792 1413 4854 tam
1454 4784 1588 4853 diuersis

65 4902 199 4994 ingeniis
226 4915 321 4999 atque
354 4908 503 4978 institutis
536 4928 611 4976 num
638 4907 704 4977 heri
745 4914 847 4996 potest
882 4915 916 4975 ut
947 4907 1088 4976 amicitia
1122 4905 1337 4976 concilietur?
1366 4901 1440 4973 4444.
1478 4904 1587 4974 ttae.

64 5017 106 5093 hc
142 5025 229 5096 stulti
261 5036 336 5098 sunt
370 5031 426 5120 qui
462 5027 593 5098 credant
626 5024 861 5098 se‘Graeciam
893 5023 1083 5097 ¹subacturos
1123 5022 1211 5122 44444.
1257 5019 1344 5106 477;
1387 5017 1594 5096 Graecorum

92 5401 126 5471 (4)
143 5395 257 5462 bristot.
270 5401 343 5462 Polt‘l.
365 5403 387 5470 4,
408 5397 430 5479 4,
450 5405 466 5460 5
484 5407 506 5456 ir
524 5399 547 5456 it
558 5413 607 5462 τοῖς
618 5409 746 5476 βαρὸάροις
763 5410 790 5455 44
814 5401 877 5464 θῆλυ
888 5411 927 5457 καὶ
939 5406 1022 5457 δοῦλον
1033 5415 1074 5464 τὴν
1094 5399 1163 5463 ababa
1182 5405 1232 5468 ἔχει
1249 5406 1322 5468 τάξιν.
