<?xml version="1.0" encoding="UTF-8"?>
<!DOCTYPE html PUBLIC "-//W3C//DTD XHTML 1.0 Transitional//EN"
    "http://www.w3.org/TR/xhtml1/DTD/xhtml1-transitional.dtd">
<html xmlns="http://www.w3.org/1999/xhtml" xml:lang="en" lang="en">
 <head>
  <title>
</title>
<meta http-equiv="Content-Type" content="text/html;charset=utf-8" />
  <meta name='ocr-system' content='tesseract 3.04.00' />
  <meta name='ocr-capabilities' content='ocr_page ocr_carea ocr_par ocr_line ocrx_word'/>
</head>
<body>
  <div class='ocr_page' id='page_1' title='image "./euripidesderebu00zambgoog_0040.png"; bbox 0 0 4010 6172; ppageno 0'>
   <div class='ocr_carea' id='block_1_1' title="bbox 103 317 1635 930">
    <p class='ocr_par' dir='ltr' id='par_1_1' title="bbox 103 303 1635 930">
     <span class='ocr_line' id='line_1_1' title="bbox 770 317 972 386; baseline 0.005 -19"><span class='ocrx_word' id='word_1_1' title='bbox 770 333 817 367; x_wconf 80' lang='grc'>.’..</span> <span class='ocrx_word' id='word_1_2' title='bbox 845 317 892 386; x_wconf 86' lang='grc'>33</span> <span class='ocrx_word' id='word_1_3' title='bbox 925 353 972 368; x_wconf 75' lang='lat'>.-</span> 
     </span>
     <span class='ocr_line' id='line_1_2' title="bbox 105 461 1635 564; baseline 0.007 -26"><span class='ocrx_word' id='word_1_4' title='bbox 105 465 226 538; x_wconf 83' lang='lat' dir='ltr'>malunt</span> <span class='ocrx_word' id='word_1_5' title='bbox 249 465 290 559; x_wconf 78' lang='lat' dir='ltr'>fr.</span> <span class='ocrx_word' id='word_1_6' title='bbox 318 467 401 540; x_wconf 77' lang='lat'>328.</span> <span class='ocrx_word' id='word_1_7' title='bbox 419 467 493 564; x_wconf 85' lang='lat' dir='ltr'>¹Hic</span> <span class='ocrx_word' id='word_1_8' title='bbox 521 469 644 538; x_wconf 86' lang='lat' dir='ltr'>ridetur</span> <span class='ocrx_word' id='word_1_9' title='bbox 663 469 829 561; x_wconf 91' lang='lat' dir='ltr'>Euripides</span> <span class='ocrx_word' id='word_1_10' title='bbox 848 467 889 540; x_wconf 92' lang='lat' dir='ltr'>ab</span> <span class='ocrx_word' id='word_1_11' title='bbox 907 473 1029 563; x_wconf 89' lang='lat' dir='ltr'>asperis</span> <span class='ocrx_word' id='word_1_12' title='bbox 1049 483 1079 542; x_wconf 93' lang='lat' dir='ltr'>et</span> <span class='ocrx_word' id='word_1_13' title='bbox 1094 473 1275 543; x_wconf 85' lang='lat' dir='ltr'><strong>inhumanis</strong></span> <span class='ocrx_word' id='word_1_14' title='bbox 1295 461 1436 546; x_wconf 87' lang='lat' dir='ltr'>moribus</span> <span class='ocrx_word' id='word_1_15' title='bbox 1454 477 1635 550; x_wconf 76' lang='lat' dir='ltr'><strong>abhorrens</strong></span> 
     </span>
     <span class='ocr_line' id='line_1_3' title="bbox 103 594 1634 696; baseline 0.008 -33"><span class='ocrx_word' id='word_1_16' title='bbox 103 594 201 664; x_wconf 90' lang='lat' dir='ltr'>rudes</span> <span class='ocrx_word' id='word_1_17' title='bbox 227 594 299 665; x_wconf 91' lang='lat' dir='ltr'>illos</span> <span class='ocrx_word' id='word_1_18' title='bbox 324 605 419 685; x_wconf 91' lang='lat' dir='ltr'>atque</span> <span class='ocrx_word' id='word_1_19' title='bbox 445 598 618 668; x_wconf 89' lang='lat' dir='ltr'>inurbanus</span> <span class='ocrx_word' id='word_1_20' title='bbox 646 598 788 668; x_wconf 89' lang='lat' dir='ltr'>bominus</span> <span class='ocrx_word' id='word_1_21' title='bbox 816 598 1008 688; x_wconf 78' lang='lat' dir='ltr'>despexisse,</span> <span class='ocrx_word' id='word_1_22' title='bbox 1036 600 1153 691; x_wconf 91' lang='lat' dir='ltr'>quibus</span> <span class='ocrx_word' id='word_1_23' title='bbox 1182 614 1323 672; x_wconf 86' lang='lat' dir='ltr'>recentes</span> <span class='ocrx_word' id='word_1_24' title='bbox 1342 603 1473 675; x_wconf 90' lang='lat' dir='ltr'>divitiae</span> <span class='ocrx_word' id='word_1_25' title='bbox 1501 625 1577 696; x_wconf 91' lang='lat' dir='ltr'>opes</span> <span class='ocrx_word' id='word_1_26' title='bbox 1596 627 1634 676; x_wconf 90' lang='lat' dir='ltr'>ac</span> 
     </span>
     <span class='ocr_line' id='line_1_4' title="bbox 104 712 1632 815; baseline 0.007 -31"><span class='ocrx_word' id='word_1_27' title='bbox 104 715 278 805; x_wconf 89' lang='lat' dir='ltr'>potentiam</span> <span class='ocrx_word' id='word_1_28' title='bbox 305 726 539 806; x_wconf 78' lang='lat' dir='ltr'>comparassent</span> <span class='ocrx_word' id='word_1_29' title='bbox 566 712 618 815; x_wconf 88' lang='lat' dir='ltr'>(l)</span> <span class='ocrx_word' id='word_1_30' title='bbox 646 738 764 808; x_wconf 88' lang='lat' dir='ltr'>eosque</span> <span class='ocrx_word' id='word_1_31' title='bbox 791 718 980 789; x_wconf 91' lang='lat' dir='ltr'>admiratum</span> <span class='ocrx_word' id='word_1_32' title='bbox 1008 739 1087 804; x_wconf 89' lang='lat' dir='ltr'>esse,</span> <span class='ocrx_word' id='word_1_33' title='bbox 1115 721 1168 810; x_wconf 93' lang='lat' dir='ltr'>qui</span> <span class='ocrx_word' id='word_1_34' title='bbox 1198 723 1229 789; x_wconf 94' lang='lat' dir='ltr'>in</span> <span class='ocrx_word' id='word_1_35' title='bbox 1260 720 1353 791; x_wconf 89' lang='lat' dir='ltr'>rebus</span> <span class='ocrx_word' id='word_1_36' title='bbox 1380 724 1524 794; x_wconf 66' lang='lat' dir='ltr'>adtrarsis</span> <span class='ocrx_word' id='word_1_37' title='bbox 1542 727 1632 813; x_wconf 90' lang='lat' dir='ltr'>inge-</span> 
     </span>
     <span class='ocr_line' id='line_1_5' title="bbox 106 835 1632 930; baseline 0.007 -27"><span class='ocrx_word' id='word_1_38' title='bbox 106 835 259 906; x_wconf 92' lang='lat' dir='ltr'>nuitatem</span> <span class='ocrx_word' id='word_1_39' title='bbox 285 836 442 926; x_wconf 92' lang='lat' dir='ltr'>quandam</span> <span class='ocrx_word' id='word_1_40' title='bbox 462 840 639 908; x_wconf 90' lang='lat' dir='ltr'>animorum</span> <span class='ocrx_word' id='word_1_41' title='bbox 667 846 827 908; x_wconf 88' lang='lat' dir='ltr'>servantes</span> <span class='ocrx_word' id='word_1_42' title='bbox 853 841 978 926; x_wconf 85' lang='lat' dir='ltr'>generis</span> <span class='ocrx_word' id='word_1_43' title='bbox 1006 839 1247 930; x_wconf 89' lang='lat' dir='ltr'>amplitudinem</span> <span class='ocrx_word' id='word_1_44' title='bbox 1276 862 1336 910; x_wconf 93' lang='lat' dir='ltr'>uon</span> <span class='ocrx_word' id='word_1_45' title='bbox 1358 843 1632 915; x_wconf 75' lang='lat' dir='ltr'>obliviscerentur.</span> 
     </span>
    </p>
   </div>
   <div class='ocr_carea' id='block_1_2' title="bbox 105 953 1633 1166">
    <p class='ocr_par' dir='ltr' id='par_1_2' title="bbox 105 953 1633 1166">
     <span class='ocr_line' id='line_1_6' title="bbox 105 953 1633 1053; baseline 0.005 -29"><span class='ocrx_word' id='word_1_46' title='bbox 105 953 294 1045; x_wconf 80' lang='lat' dir='ltr'><strong>Quanquam</strong></span> <span class='ocrx_word' id='word_1_47' title='bbox 331 954 526 1028; x_wconf 91' lang='lat' dir='ltr'>nubilitatem</span> <span class='ocrx_word' id='word_1_48' title='bbox 559 978 619 1027; x_wconf 95' lang='lat' dir='ltr'>non</span> <span class='ocrx_word' id='word_1_49' title='bbox 654 958 783 1046; x_wconf 82' lang='lat' dir='ltr'>nomine·</span> <span class='ocrx_word' id='word_1_50' title='bbox 806 959 863 1028; x_wconf 90' lang='lat' dir='ltr'>sed</span> <span class='ocrx_word' id='word_1_51' title='bbox 891 959 1003 1028; x_wconf 87' lang='lat' dir='ltr'>virtute</span> <span class='ocrx_word' id='word_1_52' title='bbox 1044 961 1169 1030; x_wconf 91' lang='lat' dir='ltr'>metitur</span> <span class='ocrx_word' id='word_1_53' title='bbox 1204 969 1235 1030; x_wconf 90' lang='lat' dir='ltr'>el</span> <span class='ocrx_word' id='word_1_54' title='bbox 1270 962 1395 1032; x_wconf 80' lang='lat' dir='ltr'>iaanenu</span> <span class='ocrx_word' id='word_1_55' title='bbox 1434 973 1633 1053; x_wconf 70' lang='lat' dir='ltr'>accopulat,</span> 
     </span>
     <span class='ocr_line' id='line_1_7' title="bbox 105 1057 1632 1166; baseline 0.007 -24"><span class='ocrx_word' id='word_1_56' title='bbox 105 1075 166 1146; x_wconf 92' lang='lat' dir='ltr'>nisi</span> <span class='ocrx_word' id='word_1_57' title='bbox 199 1078 313 1166; x_wconf 88' lang='lat' dir='ltr'>posteri</span> <span class='ocrx_word' id='word_1_58' title='bbox 341 1077 494 1148; x_wconf 90' lang='lat' dir='ltr'>maiorum</span> <span class='ocrx_word' id='word_1_59' title='bbox 530 1077 711 1166; x_wconf 88' lang='lat' dir='ltr'>dignitatem</span> <span class='ocrx_word' id='word_1_60' title='bbox 750 1079 888 1148; x_wconf 90' lang='lat' dir='ltr'>bonestis</span> <span class='ocrx_word' id='word_1_61' title='bbox 916 1057 1005 1148; x_wconf 84' lang='lat' dir='ltr'>iactis</span> <span class='ocrx_word' id='word_1_62' title='bbox 1031 1079 1227 1150; x_wconf 86' lang='lat' dir='ltr'>corrbrment.</span> <span class='ocrx_word' id='word_1_63' title='bbox 1255 1077 1346 1165; x_wconf 85' lang='lat' dir='ltr'>Quod</span> <span class='ocrx_word' id='word_1_64' title='bbox 1375 1083 1436 1151; x_wconf 88' lang='lat' dir='ltr'>iam</span> <span class='ocrx_word' id='word_1_65' title='bbox 1467 1093 1531 1152; x_wconf 84' lang='lat' dir='ltr'>trum</span> <span class='ocrx_word' id='word_1_66' title='bbox 1562 1105 1632 1152; x_wconf 93' lang='lat' dir='ltr'>raro</span> 
     </span>
    </p>
   </div>
   <div class='ocr_carea' id='block_1_3' title="bbox 106 1193 1743 1288">
    <p class='ocr_par' dir='ltr' id='par_1_3' title="bbox 106 1193 1743 1288">
     <span class='ocr_line' id='line_1_8' title="bbox 106 1193 1743 1288; baseline 0.006 -26"><span class='ocrx_word' id='word_1_67' title='bbox 106 1194 210 1265; x_wconf 85' lang='lat' dir='ltr'>bebat.</span> <span class='ocrx_word' id='word_1_68' title='bbox 239 1193 365 1265; x_wconf 90' lang='lat' dir='ltr'>Nobiles</span> <span class='ocrx_word' id='word_1_69' title='bbox 392 1198 475 1265; x_wconf 91' lang='lat' dir='ltr'>euim</span> <span class='ocrx_word' id='word_1_70' title='bbox 513 1198 645 1266; x_wconf 82' lang='lat' dir='ltr'>iuvenies</span> <span class='ocrx_word' id='word_1_71' title='bbox 680 1199 773 1286; x_wconf 86' lang='lat' dir='ltr'>genio</span> <span class='ocrx_word' id='word_1_72' title='bbox 808 1197 1008 1288; x_wconf 67' lang='lat' dir='ltr'>indulgentes</span> <span class='ocrx_word' id='word_1_73' title='bbox 1045 1219 1082 1268; x_wconf 90' lang='lat' dir='ltr'>ao</span> <span class='ocrx_word' id='word_1_74' title='bbox 1123 1197 1303 1270; x_wconf 79' lang='lat' dir='ltr'>recentibus</span> <span class='ocrx_word' id='word_1_75' title='bbox 1340 1200 1490 1270; x_wconf 85' lang='lat' dir='ltr'>doctrinis</span> <span class='ocrx_word' id='word_1_76' title='bbox 1519 1201 1631 1273; x_wconf 89' lang='lat' dir='ltr'>irubuli</span> <span class='ocrx_word' id='word_1_77' title='bbox 1739 1211 1743 1219; x_wconf 83' lang='grc'><em>“</em></span> 
     </span>
    </p>
   </div>
   <div class='ocr_carea' id='block_1_4' title="bbox 101 1315 1715 3322">
    <p class='ocr_par' dir='ltr' id='par_1_4' title="bbox 101 1315 1715 3322">
     <span class='ocr_line' id='line_1_9' title="bbox 105 1315 1631 1409; baseline 0.006 -25"><span class='ocrx_word' id='word_1_78' title='bbox 105 1315 211 1384; x_wconf 86' lang='lat' dir='ltr'>officia</span> <span class='ocrx_word' id='word_1_79' title='bbox 243 1335 319 1404; x_wconf 88' lang='lat' dir='ltr'>erga</span> <span class='ocrx_word' id='word_1_80' title='bbox 351 1317 482 1405; x_wconf 81' lang='lat' dir='ltr'>patriani</span> <span class='ocrx_word' id='word_1_81' title='bbox 517 1316 725 1404; x_wconf 88' lang='lat' dir='ltr'>neglegebant</span> <span class='ocrx_word' id='word_1_82' title='bbox 757 1327 788 1388; x_wconf 92' lang='lat' dir='ltr'>el</span> <span class='ocrx_word' id='word_1_83' title='bbox 829 1318 1015 1406; x_wconf 88' lang='lat' dir='ltr'>patrimonia</span> <span class='ocrx_word' id='word_1_84' title='bbox 1048 1320 1175 1402; x_wconf 89' lang='lat' dir='ltr'>virtute,</span> <span class='ocrx_word' id='word_1_85' title='bbox 1211 1322 1419 1408; x_wconf 89' lang='lat' dir='ltr'>temperantia</span> <span class='ocrx_word' id='word_1_86' title='bbox 1455 1321 1631 1409; x_wconf 77' lang='lat' dir='ltr'>frugalitate</span> 
     </span>
     <span class='ocr_line' id='line_1_10' title="bbox 105 1435 1628 1528; baseline 0.006 -27"><span class='ocrx_word' id='word_1_87' title='bbox 105 1435 237 1504; x_wconf 91' lang='lat' dir='ltr'>collecta</span> <span class='ocrx_word' id='word_1_88' title='bbox 263 1436 461 1526; x_wconf 85' lang='lat' dir='ltr'>dissipantes,</span> <span class='ocrx_word' id='word_1_89' title='bbox 489 1437 644 1524; x_wconf 89' lang='lat' dir='ltr'>corruptis</span> <span class='ocrx_word' id='word_1_90' title='bbox 672 1435 822 1523; x_wconf 88' lang='lat' dir='ltr'>moribus,</span> <span class='ocrx_word' id='word_1_91' title='bbox 850 1439 983 1507; x_wconf 88' lang='lat' dir='ltr'>vitiosae</span> <span class='ocrx_word' id='word_1_92' title='bbox 1011 1440 1135 1526; x_wconf 93' lang='lat' dir='ltr'>inopiae</span> <span class='ocrx_word' id='word_1_93' title='bbox 1165 1438 1392 1528; x_wconf 90' lang='lat' dir='ltr'>turpitudinem</span> <span class='ocrx_word' id='word_1_94' title='bbox 1419 1439 1628 1511; x_wconf 87' lang='lat' dir='ltr'>adiiciebant.</span> 
     </span>
     <span class='ocr_line' id='line_1_11' title="bbox 105 1553 1631 1654; baseline 0.005 -31"><span class='ocrx_word' id='word_1_95' title='bbox 105 1553 176 1639; x_wconf 85' lang='lat' dir='ltr'>Quo</span> <span class='ocrx_word' id='word_1_96' title='bbox 210 1557 240 1624; x_wconf 92' lang='lat' dir='ltr'>iu</span> <span class='ocrx_word' id='word_1_97' title='bbox 276 1575 409 1625; x_wconf 90' lang='lat' dir='ltr'>numero</span> <span class='ocrx_word' id='word_1_98' title='bbox 443 1553 596 1638; x_wconf 78' lang='lat' dir='ltr'>Aristidis,</span> <span class='ocrx_word' id='word_1_99' title='bbox 628 1556 854 1640; x_wconf 85' lang='lat' dir='ltr'>Themistoclis,</span> <span class='ocrx_word' id='word_1_100' title='bbox 883 1558 1013 1627; x_wconf 89' lang='lat' dir='ltr'>Periclis</span> <span class='ocrx_word' id='word_1_101' title='bbox 1040 1559 1137 1646; x_wconf 90' lang='lat' dir='ltr'>ipsius</span> <span class='ocrx_word' id='word_1_102' title='bbox 1166 1560 1346 1648; x_wconf 87' lang='lat' dir='ltr'>progeniem</span> <span class='ocrx_word' id='word_1_103' title='bbox 1376 1560 1631 1654; x_wconf 80' lang='lat' dir='ltr'>luisseoonstat.</span> 
     </span>
     <span class='ocr_line' id='line_1_12' title="bbox 104 1673 1632 1771; baseline 0.004 -28"><span class='ocrx_word' id='word_1_104' title='bbox 104 1673 170 1743; x_wconf 90' lang='lat' dir='ltr'>Nec</span> <span class='ocrx_word' id='word_1_105' title='bbox 196 1675 335 1764; x_wconf 87' lang='lat' dir='ltr'>proiecto</span> <span class='ocrx_word' id='word_1_106' title='bbox 363 1675 529 1766; x_wconf 82' lang='lat' dir='ltr'>Euripides</span> <span class='ocrx_word' id='word_1_107' title='bbox 556 1676 706 1766; x_wconf 88' lang='lat' dir='ltr'>degeneri</span> <span class='ocrx_word' id='word_1_108' title='bbox 737 1675 888 1746; x_wconf 92' lang='lat' dir='ltr'>nobilium</span> <span class='ocrx_word' id='word_1_109' title='bbox 909 1680 995 1768; x_wconf 88' lang='lat' dir='ltr'>stirpi</span> <span class='ocrx_word' id='word_1_110' title='bbox 1016 1677 1191 1768; x_wconf 85' lang='lat' dir='ltr'><strong>quidquam</strong></span> <span class='ocrx_word' id='word_1_111' title='bbox 1220 1675 1394 1762; x_wconf 91' lang='lat' dir='ltr'>tribuebat;</span> <span class='ocrx_word' id='word_1_112' title='bbox 1425 1688 1455 1748; x_wconf 88' lang='lat' dir='ltr'>et</span> <span class='ocrx_word' id='word_1_113' title='bbox 1483 1681 1632 1771; x_wconf 86' lang='lat' dir='ltr'>quoniam</span> 
     </span>
     <span class='ocr_line' id='line_1_13' title="bbox 104 1794 1630 1884; baseline 0.003 -22"><span class='ocrx_word' id='word_1_114' title='bbox 104 1814 260 1880; x_wconf 86' lang='lat' dir='ltr'>generosa</span> <span class='ocrx_word' id='word_1_115' title='bbox 288 1796 453 1884; x_wconf 90' lang='lat' dir='ltr'>progenies</span> <span class='ocrx_word' id='word_1_116' title='bbox 471 1815 534 1864; x_wconf 95' lang='lat' dir='ltr'>non</span> <span class='ocrx_word' id='word_1_117' title='bbox 555 1813 664 1883; x_wconf 90' lang='lat' dir='ltr'>parurn</span> <span class='ocrx_word' id='word_1_118' title='bbox 688 1794 769 1864; x_wconf 84' lang='lat' dir='ltr'>ualet</span> <span class='ocrx_word' id='word_1_119' title='bbox 787 1796 826 1866; x_wconf 92' lang='lat' dir='ltr'>ad</span> <span class='ocrx_word' id='word_1_120' title='bbox 846 1797 1063 1866; x_wconf 89' lang='lat' dir='ltr'>auctoritatem</span> <span class='ocrx_word' id='word_1_121' title='bbox 1080 1806 1112 1867; x_wconf 90' lang='lat' dir='ltr'>et</span> <span class='ocrx_word' id='word_1_122' title='bbox 1126 1796 1367 1866; x_wconf 90' lang='lat' dir='ltr'>admirationem</span> <span class='ocrx_word' id='word_1_123' title='bbox 1386 1799 1630 1880; x_wconf 89' lang='lat' dir='ltr'>conciliandam,</span> 
     </span>
     <span class='ocr_line' id='line_1_14' title="bbox 107 1911 1631 2003; baseline 0.002 -21"><span class='ocrx_word' id='word_1_124' title='bbox 107 1916 151 1982; x_wconf 92' lang='lat' dir='ltr'>ail</span> <span class='ocrx_word' id='word_1_125' title='bbox 177 1912 293 1983; x_wconf 91' lang='lat' dir='ltr'>multos</span> <span class='ocrx_word' id='word_1_126' title='bbox 319 1934 388 1984; x_wconf 91' lang='lat' dir='ltr'>esse</span> <span class='ocrx_word' id='word_1_127' title='bbox 416 1911 537 1983; x_wconf 88' lang='lat' dir='ltr'>nobiles</span> <span class='ocrx_word' id='word_1_128' title='bbox 566 1911 736 2003; x_wconf 86' lang='lat' dir='ltr'>improbos,</span> <span class='ocrx_word' id='word_1_129' title='bbox 764 1914 916 1986; x_wconf 90' lang='lat' dir='ltr'>malorum</span> <span class='ocrx_word' id='word_1_130' title='bbox 936 1936 1009 1984; x_wconf 88' lang='lat' dir='ltr'>uero</span> <span class='ocrx_word' id='word_1_131' title='bbox 1030 1916 1147 1984; x_wconf 91' lang='lat' dir='ltr'>nullam</span> <span class='ocrx_word' id='word_1_132' title='bbox 1168 1936 1238 1985; x_wconf 90' lang='lat' dir='ltr'>esse</span> <span class='ocrx_word' id='word_1_133' title='bbox 1259 1914 1454 1985; x_wconf 92' lang='lat' dir='ltr'>nobilitatem</span> <span class='ocrx_word' id='word_1_134' title='bbox 1473 1914 1524 1986; x_wconf 87' lang='lat' dir='ltr'>El.</span> <span class='ocrx_word' id='word_1_135' title='bbox 1546 1919 1631 2000; x_wconf 82' lang='lat' dir='ltr'>55t,</span> 
     </span>
     <span class='ocr_line' id='line_1_15' title="bbox 101 2031 1627 2125; baseline 0.003 -24"><span class='ocrx_word' id='word_1_136' title='bbox 101 2031 144 2125; x_wconf 80' lang='lat' dir='ltr'>[r.</span> <span class='ocrx_word' id='word_1_137' title='bbox 177 2033 233 2104; x_wconf 78' lang='lat' dir='ltr'>bl.</span> <span class='ocrx_word' id='word_1_138' title='bbox 261 2033 374 2118; x_wconf 90' lang='lat' dir='ltr'>Iustus,</span> <span class='ocrx_word' id='word_1_139' title='bbox 400 2035 547 2122; x_wconf 85' lang='lat' dir='ltr'>quamvis</span> <span class='ocrx_word' id='word_1_140' title='bbox 573 2053 693 2118; x_wconf 87' lang='lat' dir='ltr'>servos,</span> <span class='ocrx_word' id='word_1_141' title='bbox 722 2033 845 2104; x_wconf 92' lang='lat' dir='ltr'>nobiles</span> <span class='ocrx_word' id='word_1_142' title='bbox 874 2033 1048 2116; x_wconf 87' lang='lat' dir='ltr'>babendos,</span> <span class='ocrx_word' id='word_1_143' title='bbox 1077 2033 1159 2124; x_wconf 91' lang='lat' dir='ltr'>quod</span> <span class='ocrx_word' id='word_1_144' title='bbox 1179 2036 1264 2104; x_wconf 87' lang='lat' dir='ltr'>iacta</span> <span class='ocrx_word' id='word_1_145' title='bbox 1283 2036 1372 2103; x_wconf 91' lang='lat' dir='ltr'>vanis</span> <span class='ocrx_word' id='word_1_146' title='bbox 1390 2035 1487 2104; x_wconf 92' lang='lat' dir='ltr'>titulis</span> <span class='ocrx_word' id='word_1_147' title='bbox 1506 2036 1627 2124; x_wconf 92' lang='lat' dir='ltr'>potiora</span> 
     </span>
     <span class='ocr_line' id='line_1_16' title="bbox 103 2151 1627 2246; baseline -0.001 -24"><span class='ocrx_word' id='word_1_148' title='bbox 103 2154 179 2232; x_wconf 85' lang='lat' dir='ltr'>sint;</span> <span class='ocrx_word' id='word_1_149' title='bbox 216 2152 313 2222; x_wconf 90' lang='lat' dir='ltr'>titulis</span> <span class='ocrx_word' id='word_1_150' title='bbox 349 2161 454 2222; x_wconf 91' lang='lat' dir='ltr'>autem</span> <span class='ocrx_word' id='word_1_151' title='bbox 483 2151 607 2223; x_wconf 89' lang='lat' dir='ltr'>beatam</span> <span class='ocrx_word' id='word_1_152' title='bbox 636 2155 730 2223; x_wconf 92' lang='lat' dir='ltr'>vitam</span> <span class='ocrx_word' id='word_1_153' title='bbox 758 2153 1012 2243; x_wconf 90' lang='lat' dir='ltr'>anteponendam</span> <span class='ocrx_word' id='word_1_154' title='bbox 1038 2152 1081 2246; x_wconf 78' lang='lat' dir='ltr'>fr.</span> <span class='ocrx_word' id='word_1_155' title='bbox 1103 2151 1187 2223; x_wconf 82' lang='lat' dir='ltr'>5li.</span> <span class='ocrx_word' id='word_1_156' title='bbox 1207 2153 1273 2222; x_wconf 91' lang='lat' dir='ltr'>Non</span> <span class='ocrx_word' id='word_1_157' title='bbox 1294 2155 1324 2222; x_wconf 94' lang='lat' dir='ltr'>in</span> <span class='ocrx_word' id='word_1_158' title='bbox 1354 2156 1482 2224; x_wconf 91' lang='lat' dir='ltr'>nomine</span> <span class='ocrx_word' id='word_1_159' title='bbox 1509 2156 1567 2225; x_wconf 87' lang='lat' dir='ltr'>sed</span> <span class='ocrx_word' id='word_1_160' title='bbox 1596 2155 1627 2222; x_wconf 96' lang='lat' dir='ltr'>in</span> 
     </span>
     <span class='ocr_line' id='line_1_17' title="bbox 104 2269 1629 2364; baseline 0.001 -24"><span class='ocrx_word' id='word_1_161' title='bbox 104 2274 222 2342; x_wconf 83' lang='lat' dir='ltr'>virtute</span> <span class='ocrx_word' id='word_1_162' title='bbox 249 2273 357 2342; x_wconf 93' lang='lat' dir='ltr'>omnia</span> <span class='ocrx_word' id='word_1_163' title='bbox 383 2271 569 2342; x_wconf 84' lang='lat' dir='ltr'>collocanda</span> <span class='ocrx_word' id='word_1_164' title='bbox 592 2272 633 2364; x_wconf 68' lang='lat' dir='ltr'>fr.</span> <span class='ocrx_word' id='word_1_165' title='bbox 662 2273 745 2343; x_wconf 82' lang='lat'>530.</span> <span class='ocrx_word' id='word_1_166' title='bbox 784 2269 930 2343; x_wconf 87' lang='lat' dir='ltr'>Ceterum</span> <span class='ocrx_word' id='word_1_167' title='bbox 964 2273 1129 2342; x_wconf 91' lang='lat' dir='ltr'>stultorum</span> <span class='ocrx_word' id='word_1_168' title='bbox 1157 2281 1202 2342; x_wconf 90' lang='lat' dir='ltr'>est</span> <span class='ocrx_word' id='word_1_169' title='bbox 1230 2272 1422 2343; x_wconf 89' lang='lat' dir='ltr'>nobilitatem</span> <span class='ocrx_word' id='word_1_170' title='bbox 1458 2273 1629 2344; x_wconf 81' lang='lat' dir='ltr'>extollere:</span> 
     </span>
     <span class='ocr_line' id='line_1_18' title="bbox 104 2369 1631 2483; baseline 0 -21"><span class='ocrx_word' id='word_1_171' title='bbox 104 2369 282 2463; x_wconf 80' lang='lat' dir='ltr'>communis</span> <span class='ocrx_word' id='word_1_172' title='bbox 309 2393 366 2462; x_wconf 84' lang='lat' dir='ltr'>luit</span> <span class='ocrx_word' id='word_1_173' title='bbox 393 2393 555 2462; x_wconf 92' lang='lat' dir='ltr'>bominum</span> <span class='ocrx_word' id='word_1_174' title='bbox 583 2402 670 2462; x_wconf 92' lang='lat' dir='ltr'>ortus</span> <span class='ocrx_word' id='word_1_175' title='bbox 698 2400 728 2462; x_wconf 92' lang='lat' dir='ltr'>et</span> <span class='ocrx_word' id='word_1_176' title='bbox 755 2393 860 2483; x_wconf 86' lang='lat' dir='ltr'>opinio</span> <span class='ocrx_word' id='word_1_177' title='bbox 887 2395 1000 2482; x_wconf 88' lang='lat' dir='ltr'>stirpes</span> <span class='ocrx_word' id='word_1_178' title='bbox 1026 2392 1185 2462; x_wconf 68' lang='lat' dir='ltr'>discrevit.</span> <span class='ocrx_word' id='word_1_179' title='bbox 1217 2391 1336 2480; x_wconf 90' lang='lat' dir='ltr'>ingenii</span> <span class='ocrx_word' id='word_1_180' title='bbox 1363 2401 1411 2460; x_wconf 88' lang='lat' dir='ltr'>est</span> <span class='ocrx_word' id='word_1_181' title='bbox 1440 2413 1515 2461; x_wconf 89' lang='lat' dir='ltr'>vera</span> <span class='ocrx_word' id='word_1_182' title='bbox 1542 2393 1631 2462; x_wconf 94' lang='lat' dir='ltr'>uobi-</span> 
     </span>
     <span class='ocr_line' id='line_1_19' title="bbox 104 2491 1628 2602; baseline 0.001 -22"><span class='ocrx_word' id='word_1_183' title='bbox 104 2512 178 2581; x_wconf 92' lang='lat' dir='ltr'>litas</span> <span class='ocrx_word' id='word_1_184' title='bbox 214 2533 252 2582; x_wconf 89' lang='lat' dir='ltr'>ao</span> <span class='ocrx_word' id='word_1_185' title='bbox 283 2514 398 2582; x_wconf 93' lang='lat' dir='ltr'>mentis</span> <span class='ocrx_word' id='word_1_186' title='bbox 430 2533 449 2580; x_wconf 94' lang='lat' dir='ltr'>a</span> <span class='ocrx_word' id='word_1_187' title='bbox 481 2511 673 2594; x_wconf 90' lang='lat' dir='ltr'>deodatae,</span> <span class='ocrx_word' id='word_1_188' title='bbox 710 2533 769 2580; x_wconf 87' lang='lat' dir='ltr'>rron</span> <span class='ocrx_word' id='word_1_189' title='bbox 798 2511 910 2602; x_wconf 90' lang='lat' dir='ltr'>opibus</span> <span class='ocrx_word' id='word_1_190' title='bbox 946 2522 1052 2601; x_wconf 86' lang='lat' dir='ltr'>partae</span> <span class='ocrx_word' id='word_1_191' title='bbox 1077 2509 1119 2602; x_wconf 79' lang='lat' dir='ltr'>fr.</span> <span class='ocrx_word' id='word_1_192' title='bbox 1152 2513 1209 2580; x_wconf 83' lang='lat'>53.</span> <span class='ocrx_word' id='word_1_193' title='bbox 1239 2510 1361 2598; x_wconf 83' lang='lat' dir='ltr'>Quibus</span> <span class='ocrx_word' id='word_1_194' title='bbox 1387 2511 1465 2580; x_wconf 89' lang='lat' dir='ltr'>loeis</span> <span class='ocrx_word' id='word_1_195' title='bbox 1491 2491 1628 2582; x_wconf 81' lang='lat' dir='ltr'>ornarium</span> 
     </span>
     <span class='ocr_line' id='line_1_20' title="bbox 105 2627 1631 2723; baseline -0.001 -23"><span class='ocrx_word' id='word_1_196' title='bbox 105 2631 287 2702; x_wconf 87' lang='lat' dir='ltr'>mortalium</span> <span class='ocrx_word' id='word_1_197' title='bbox 315 2633 478 2722; x_wconf 89' lang='lat' dir='ltr'>paritatem</span> <span class='ocrx_word' id='word_1_198' title='bbox 507 2631 764 2702; x_wconf 81' lang='lat' dir='ltr'>confirmantibus</span> <span class='ocrx_word' id='word_1_199' title='bbox 791 2633 935 2715; x_wconf 84' lang='lat' dir='ltr'>efficitur,</span> <span class='ocrx_word' id='word_1_200' title='bbox 962 2631 1066 2714; x_wconf 88' lang='lat' dir='ltr'>credo,</span> <span class='ocrx_word' id='word_1_201' title='bbox 1100 2627 1177 2723; x_wconf 85' lang='lat' dir='ltr'>quid</span> <span class='ocrx_word' id='word_1_202' title='bbox 1210 2631 1375 2723; x_wconf 84' lang='lat' dir='ltr'>Euripides</span> <span class='ocrx_word' id='word_1_203' title='bbox 1402 2631 1442 2700; x_wconf 89' lang='lat' dir='ltr'>de</span> <span class='ocrx_word' id='word_1_204' title='bbox 1472 2629 1631 2701; x_wconf 91' lang='lat' dir='ltr'>nobilitate</span> 
     </span>
     <span class='ocr_line' id='line_1_21' title="bbox 104 2750 1715 2842; baseline 0 -22"><span class='ocrx_word' id='word_1_205' title='bbox 104 2753 248 2820; x_wconf 87' lang='lat' dir='ltr'>sentiret.</span> <span class='ocrx_word' id='word_1_206' title='bbox 277 2752 380 2820; x_wconf 90' lang='lat' dir='ltr'>Potest</span> <span class='ocrx_word' id='word_1_207' title='bbox 406 2752 532 2841; x_wconf 89' lang='lat' dir='ltr'>quidem</span> <span class='ocrx_word' id='word_1_208' title='bbox 553 2753 687 2842; x_wconf 80' lang='lat' dir='ltr'>&#39;genueris</span> <span class='ocrx_word' id='word_1_209' title='bbox 715 2750 860 2820; x_wconf 80' lang='lat' dir='ltr'>nobilitas</span> <span class='ocrx_word' id='word_1_210' title='bbox 887 2760 917 2819; x_wconf 89' lang='lat' dir='ltr'>ot</span> <span class='ocrx_word' id='word_1_211' title='bbox 943 2750 1041 2838; x_wconf 87' lang='lat' dir='ltr'>gloria</span> <span class='ocrx_word' id='word_1_212' title='bbox 1066 2752 1197 2821; x_wconf 85' lang='lat' dir='ltr'>virtutes</span> <span class='ocrx_word' id='word_1_213' title='bbox 1223 2753 1362 2821; x_wconf 82' lang='lat' dir='ltr'>excitare</span> <span class='ocrx_word' id='word_1_214' title='bbox 1389 2760 1420 2820; x_wconf 87' lang='lat' dir='ltr'>cl</span> <span class='ocrx_word' id='word_1_215' title='bbox 1438 2751 1477 2820; x_wconf 92' lang='lat' dir='ltr'>ad</span> <span class='ocrx_word' id='word_1_216' title='bbox 1505 2753 1633 2842; x_wconf 86' lang='lat' dir='ltr'>egregia</span> <span class='ocrx_word' id='word_1_217' title='bbox 1712 2763 1715 2771; x_wconf 90' lang='lat'>&#39;</span> 
     </span>
     <span class='ocr_line' id='line_1_22' title="bbox 106 2869 1630 2960; baseline 0.001 -20"><span class='ocrx_word' id='word_1_218' title='bbox 106 2872 249 2940; x_wconf 87' lang='lat' dir='ltr'>iacinura</span> <span class='ocrx_word' id='word_1_219' title='bbox 281 2873 362 2940; x_wconf 83' lang='lat' dir='ltr'>riam</span> <span class='ocrx_word' id='word_1_220' title='bbox 399 2873 542 2952; x_wconf 90' lang='lat' dir='ltr'>munire;</span> <span class='ocrx_word' id='word_1_221' title='bbox 577 2874 645 2960; x_wconf 90' lang='lat' dir='ltr'>ipsa</span> <span class='ocrx_word' id='word_1_222' title='bbox 679 2891 752 2940; x_wconf 84' lang='lat' dir='ltr'>rero</span> <span class='ocrx_word' id='word_1_223' title='bbox 782 2893 837 2960; x_wconf 89' lang='lat' dir='ltr'>per</span> <span class='ocrx_word' id='word_1_224' title='bbox 868 2891 902 2940; x_wconf 90' lang='lat' dir='ltr'>se</span> <span class='ocrx_word' id='word_1_225' title='bbox 929 2891 966 2939; x_wconf 91' lang='lat' dir='ltr'>ao</span> <span class='ocrx_word' id='word_1_226' title='bbox 994 2873 1106 2941; x_wconf 89' lang='lat' dir='ltr'>virtute</span> <span class='ocrx_word' id='word_1_227' title='bbox 1140 2870 1291 2940; x_wconf 89' lang='lat' dir='ltr'>destituta</span> <span class='ocrx_word' id='word_1_228' title='bbox 1317 2869 1393 2940; x_wconf 93' lang='lat' dir='ltr'>nibil</span> <span class='ocrx_word' id='word_1_229' title='bbox 1422 2879 1482 2952; x_wconf 91' lang='lat' dir='ltr'>est;</span> <span class='ocrx_word' id='word_1_230' title='bbox 1519 2891 1630 2941; x_wconf 92' lang='lat' dir='ltr'>omnes</span> 
     </span>
     <span class='ocr_line' id='line_1_23' title="bbox 105 2987 1631 3081; baseline 0.001 -23"><span class='ocrx_word' id='word_1_231' title='bbox 105 2994 193 3060; x_wconf 90' lang='lat' dir='ltr'>enim</span> <span class='ocrx_word' id='word_1_232' title='bbox 223 3011 313 3080; x_wconf 92' lang='lat' dir='ltr'>pares</span> <span class='ocrx_word' id='word_1_233' title='bbox 340 3013 450 3061; x_wconf 91' lang='lat' dir='ltr'>sumus</span> <span class='ocrx_word' id='word_1_234' title='bbox 478 3001 508 3060; x_wconf 92' lang='lat' dir='ltr'>et</span> <span class='ocrx_word' id='word_1_235' title='bbox 535 2994 642 3081; x_wconf 89' lang='lat' dir='ltr'>quanti</span> <span class='ocrx_word' id='word_1_236' title='bbox 670 2992 802 3080; x_wconf 90' lang='lat' dir='ltr'>quisque</span> <span class='ocrx_word' id='word_1_237' title='bbox 828 2992 868 3058; x_wconf 93' lang='lat' dir='ltr'>sit</span> <span class='ocrx_word' id='word_1_238' title='bbox 892 3010 1004 3060; x_wconf 91' lang='lat' dir='ltr'>omnes</span> <span class='ocrx_word' id='word_1_239' title='bbox 1023 3009 1078 3081; x_wconf 91' lang='lat' dir='ltr'>per</span> <span class='ocrx_word' id='word_1_240' title='bbox 1105 3010 1138 3059; x_wconf 91' lang='lat' dir='ltr'>se</span> <span class='ocrx_word' id='word_1_241' title='bbox 1165 2990 1380 3062; x_wconf 89' lang='lat' dir='ltr'>aestimantur.</span> <span class='ocrx_word' id='word_1_242' title='bbox 1398 2987 1490 3074; x_wconf 83' lang='lat' dir='ltr'>Quod</span> <span class='ocrx_word' id='word_1_243' title='bbox 1516 3011 1631 3080; x_wconf 92' lang='lat' dir='ltr'>magno</span> 
     </span>
     <span class='ocr_line' id='line_1_24' title="bbox 103 3101 1631 3201; baseline 0 -20"><span class='ocrx_word' id='word_1_244' title='bbox 103 3121 288 3201; x_wconf 89' lang='lat' dir='ltr'>argumento</span> <span class='ocrx_word' id='word_1_245' title='bbox 315 3122 363 3181; x_wconf 90' lang='lat' dir='ltr'>est</span> <span class='ocrx_word' id='word_1_246' title='bbox 390 3131 483 3200; x_wconf 86' lang='lat' dir='ltr'><strong>quam</strong></span> <span class='ocrx_word' id='word_1_247' title='bbox 504 3111 636 3180; x_wconf 92' lang='lat' dir='ltr'>multum</span> <span class='ocrx_word' id='word_1_248' title='bbox 654 3111 818 3198; x_wconf 86' lang='lat' dir='ltr'>Euripides</span> <span class='ocrx_word' id='word_1_249' title='bbox 836 3130 933 3200; x_wconf 89' lang='lat' dir='ltr'>supra</span> <span class='ocrx_word' id='word_1_250' title='bbox 955 3129 1139 3180; x_wconf 87' lang='lat' dir='ltr'>communes</span> <span class='ocrx_word' id='word_1_251' title='bbox 1160 3118 1299 3180; x_wconf 83' lang='lat' dir='ltr'>velerum</span> <span class='ocrx_word' id='word_1_252' title='bbox 1330 3130 1452 3180; x_wconf 82' lang='lat' dir='ltr'>errores</span> <span class='ocrx_word' id='word_1_253' title='bbox 1478 3101 1631 3183; x_wconf 85' lang='lat' dir='ltr'>emineret</span> 
     </span>
     <span class='ocr_line' id='line_1_25' title="bbox 104 3229 1629 3322; baseline -0.002 -20"><span class='ocrx_word' id='word_1_254' title='bbox 104 3252 203 3322; x_wconf 93' lang='lat' dir='ltr'><strong>quum</strong></span> <span class='ocrx_word' id='word_1_255' title='bbox 232 3233 262 3301; x_wconf 94' lang='lat' dir='ltr'>in</span> <span class='ocrx_word' id='word_1_256' title='bbox 292 3253 324 3301; x_wconf 94' lang='lat' dir='ltr'>re</span> <span class='ocrx_word' id='word_1_257' title='bbox 353 3232 480 3322; x_wconf 90' lang='lat' dir='ltr'>publica</span> <span class='ocrx_word' id='word_1_258' title='bbox 507 3252 623 3321; x_wconf 86' lang='lat' dir='ltr'>genere</span> <span class='ocrx_word' id='word_1_259' title='bbox 652 3239 746 3320; x_wconf 92' lang='lat' dir='ltr'>alque</span> <span class='ocrx_word' id='word_1_260' title='bbox 773 3240 841 3300; x_wconf 92' lang='lat' dir='ltr'>ortu</span> <span class='ocrx_word' id='word_1_261' title='bbox 868 3231 973 3299; x_wconf 89' lang='lat' dir='ltr'>omnia</span> <span class='ocrx_word' id='word_1_262' title='bbox 999 3230 1256 3314; x_wconf 89' lang='lat' dir='ltr'>continerentur;</span> <span class='ocrx_word' id='word_1_263' title='bbox 1283 3249 1386 3322; x_wconf 87' lang='lat' dir='ltr'>eoque</span> <span class='ocrx_word' id='word_1_264' title='bbox 1406 3232 1505 3320; x_wconf 87' lang='lat' dir='ltr'>magis</span> <span class='ocrx_word' id='word_1_265' title='bbox 1524 3229 1629 3302; x_wconf 86' lang='lat' dir='ltr'>adtui-</span> 
     </span>
    </p>
   </div>
   <div class='ocr_carea' id='block_1_5' title="bbox 15 3357 1713 5497">
    <p class='ocr_par' dir='ltr' id='par_1_5' title="bbox 15 3357 1631 3928">
     <span class='ocr_line' id='line_1_26' title="bbox 104 3357 1628 3453; baseline -0.001 -25"><span class='ocrx_word' id='word_1_266' title='bbox 104 3360 207 3428; x_wconf 88' lang='lat' dir='ltr'>randa</span> <span class='ocrx_word' id='word_1_267' title='bbox 234 3371 281 3430; x_wconf 91' lang='lat' dir='ltr'>est</span> <span class='ocrx_word' id='word_1_268' title='bbox 308 3359 437 3430; x_wconf 85' lang='lat' dir='ltr'>libertas</span> <span class='ocrx_word' id='word_1_269' title='bbox 463 3360 632 3453; x_wconf 90' lang='lat' dir='ltr'>Euripidis,</span> <span class='ocrx_word' id='word_1_270' title='bbox 660 3359 744 3452; x_wconf 90' lang='lat' dir='ltr'>quod</span> <span class='ocrx_word' id='word_1_271' title='bbox 771 3368 896 3428; x_wconf 79' lang='lat' dir='ltr'>ceritum</span> <span class='ocrx_word' id='word_1_272' title='bbox 925 3361 991 3428; x_wconf 89' lang='lat' dir='ltr'>fere</span> <span class='ocrx_word' id='word_1_273' title='bbox 1020 3369 1088 3449; x_wconf 88' lang='lat' dir='ltr'>pust</span> <span class='ocrx_word' id='word_1_274' title='bbox 1114 3357 1423 3429; x_wconf 74' lang='lat' dir='ltr'>annos-urniorum</span> <span class='ocrx_word' id='word_1_275' title='bbox 1443 3361 1628 3440; x_wconf 83' lang='lat' dir='ltr'>seruitutem</span> 
     </span>
     <span class='ocr_line' id='line_1_27' title="bbox 104 3476 1630 3572; baseline -0.001 -25"><span class='ocrx_word' id='word_1_276' title='bbox 104 3478 286 3570; x_wconf 82' lang='lat' dir='ltr'>probauerit</span> <span class='ocrx_word' id='word_1_277' title='bbox 312 3489 343 3550; x_wconf 90' lang='lat' dir='ltr'>et</span> <span class='ocrx_word' id='word_1_278' title='bbox 369 3481 406 3548; x_wconf 92' lang='lat' dir='ltr'>ad</span> <span class='ocrx_word' id='word_1_279' title='bbox 435 3482 564 3570; x_wconf 90' lang='lat' dir='ltr'>stirpem</span> <span class='ocrx_word' id='word_1_280' title='bbox 594 3479 735 3548; x_wconf 90' lang='lat' dir='ltr'>retulerit</span> <span class='ocrx_word' id='word_1_281' title='bbox 762 3477 830 3571; x_wconf 86' lang='lat' dir='ltr'>(cir.</span> <span class='ocrx_word' id='word_1_282' title='bbox 853 3499 927 3569; x_wconf 86' lang='lat' dir='ltr'>pop.</span> <span class='ocrx_word' id='word_1_283' title='bbox 957 3481 1013 3562; x_wconf 84' lang='lat'>38,</span> <span class='ocrx_word' id='word_1_284' title='bbox 1041 3478 1079 3550; x_wconf 87' lang='grc' dir='ltr'>Ν.</span> <span class='ocrx_word' id='word_1_285' title='bbox 1110 3477 1159 3569; x_wconf 88' lang='grc'>6).</span> <span class='ocrx_word' id='word_1_286' title='bbox 1176 3479 1241 3550; x_wconf 89' lang='lat' dir='ltr'>Nec</span> <span class='ocrx_word' id='word_1_287' title='bbox 1262 3481 1430 3572; x_wconf 91' lang='lat' dir='ltr'>quisquam</span> <span class='ocrx_word' id='word_1_288' title='bbox 1452 3476 1630 3568; x_wconf 89' lang='lat' dir='ltr'>Euripidem</span> 
     </span>
     <span class='ocr_line' id='line_1_28' title="bbox 103 3595 1630 3691; baseline -0.001 -25"><span class='ocrx_word' id='word_1_289' title='bbox 103 3609 258 3691; x_wconf 87' lang='lat' dir='ltr'>sequutus</span> <span class='ocrx_word' id='word_1_290' title='bbox 293 3610 340 3669; x_wconf 89' lang='lat' dir='ltr'>est</span> <span class='ocrx_word' id='word_1_291' title='bbox 381 3610 453 3670; x_wconf 90' lang='lat' dir='ltr'>ante</span> <span class='ocrx_word' id='word_1_292' title='bbox 494 3598 738 3680; x_wconf 89' lang='lat' dir='ltr'>Eratosthenem,</span> <span class='ocrx_word' id='word_1_293' title='bbox 776 3599 829 3690; x_wconf 92' lang='lat' dir='ltr'>qni</span> <span class='ocrx_word' id='word_1_294' title='bbox 865 3598 976 3668; x_wconf 91' lang='lat' dir='ltr'>eadem</span> <span class='ocrx_word' id='word_1_295' title='bbox 1010 3596 1201 3686; x_wconf 87' lang='lat' dir='ltr'>praedicavit</span> <span class='ocrx_word' id='word_1_296' title='bbox 1236 3619 1350 3690; x_wconf 90' lang='lat' dir='ltr'><strong>quum,</strong></span> <span class='ocrx_word' id='word_1_297' title='bbox 1384 3599 1459 3666; x_wconf 83' lang='lat' dir='ltr'>lisia</span> <span class='ocrx_word' id='word_1_298' title='bbox 1489 3595 1630 3679; x_wconf 90' lang='lat' dir='ltr'>subacta,</span> 
     </span>
     <span class='ocr_line' id='line_1_29' title="bbox 104 3717 1631 3809; baseline -0.002 -19"><span class='ocrx_word' id='word_1_299' title='bbox 104 3718 299 3790; x_wconf 89' lang='lat' dir='ltr'>Graecorum</span> <span class='ocrx_word' id='word_1_300' title='bbox 329 3721 505 3789; x_wconf 89' lang='lat' dir='ltr'>bumanitas</span> <span class='ocrx_word' id='word_1_301' title='bbox 533 3734 570 3788; x_wconf 89' lang='lat' dir='ltr'>ac</span> <span class='ocrx_word' id='word_1_302' title='bbox 599 3719 706 3787; x_wconf 87' lang='lat' dir='ltr'>literae</span> <span class='ocrx_word' id='word_1_303' title='bbox 732 3738 772 3788; x_wconf 85' lang='lat' dir='ltr'>en</span> <span class='ocrx_word' id='word_1_304' title='bbox 799 3720 941 3806; x_wconf 90' lang='lat' dir='ltr'>augustis</span> <span class='ocrx_word' id='word_1_305' title='bbox 961 3719 1082 3808; x_wconf 91' lang='lat' dir='ltr'>patriae</span> <span class='ocrx_word' id='word_1_306' title='bbox 1109 3717 1224 3788; x_wconf 90' lang='lat' dir='ltr'>linibus</span> <span class='ocrx_word' id='word_1_307' title='bbox 1252 3738 1307 3806; x_wconf 90' lang='lat' dir='ltr'>per</span> <span class='ocrx_word' id='word_1_308' title='bbox 1333 3717 1446 3787; x_wconf 91' lang='lat' dir='ltr'>multas</span> <span class='ocrx_word' id='word_1_309' title='bbox 1468 3719 1631 3809; x_wconf 89' lang='lat' dir='ltr'>variasque</span> 
     </span>
     <span class='ocr_line' id='line_1_30' title="bbox 15 3837 720 3928; baseline -0.007 -20"><span class='ocrx_word' id='word_1_310' title='bbox 15 3843 20 3850; x_wconf 85' lang='lat'>&#39;</span> <span class='ocrx_word' id='word_1_311' title='bbox 105 3840 251 3908; x_wconf 92' lang='lat' dir='ltr'>nationes</span> <span class='ocrx_word' id='word_1_312' title='bbox 279 3841 340 3908; x_wconf 91' lang='lat' dir='ltr'>iam</span> <span class='ocrx_word' id='word_1_313' title='bbox 371 3846 561 3928; x_wconf 83' lang='lat' dir='ltr'>propagatae</span> <span class='ocrx_word' id='word_1_314' title='bbox 588 3837 720 3907; x_wconf 90' lang='lat' dir='ltr'>inerant.</span> 
     </span>
    </p>

    <p class='ocr_par' dir='ltr' id='par_1_6' title="bbox 97 3954 1713 5123">
     <span class='ocr_line' id='line_1_31' title="bbox 158 3954 1631 4049; baseline -0.003 -21"><span class='ocrx_word' id='word_1_315' title='bbox 158 3955 326 4049; x_wconf 87' lang='lat' dir='ltr'>Opulentia</span> <span class='ocrx_word' id='word_1_316' title='bbox 351 3979 407 4046; x_wconf 91' lang='lat' dir='ltr'>pro</span> <span class='ocrx_word' id='word_1_317' title='bbox 435 3977 589 4047; x_wconf 91' lang='lat' dir='ltr'>personae</span> <span class='ocrx_word' id='word_1_318' title='bbox 617 3955 809 4047; x_wconf 83' lang='lat' dir='ltr'>tabulaeque</span> <span class='ocrx_word' id='word_1_319' title='bbox 827 3959 980 4044; x_wconf 91' lang='lat' dir='ltr'>cuiusque</span> <span class='ocrx_word' id='word_1_320' title='bbox 1008 3966 1121 4049; x_wconf 71' lang='lat' dir='ltr'>natura</span> <span class='ocrx_word' id='word_1_321' title='bbox 1148 3958 1233 4026; x_wconf 92' lang='lat' dir='ltr'>varie</span> <span class='ocrx_word' id='word_1_322' title='bbox 1260 3956 1426 4026; x_wconf 91' lang='lat' dir='ltr'>iudicatur.</span> <span class='ocrx_word' id='word_1_323' title='bbox 1456 3954 1548 4025; x_wconf 92' lang='lat' dir='ltr'>lllodo</span> <span class='ocrx_word' id='word_1_324' title='bbox 1568 3974 1631 4024; x_wconf 95' lang='lat' dir='ltr'>non</span> 
     </span>
     <span class='ocr_line' id='line_1_32' title="bbox 103 4073 1713 4168; baseline -0.002 -22"><span class='ocrx_word' id='word_1_325' title='bbox 103 4099 218 4147; x_wconf 89' lang='lat' dir='ltr'>omnes</span> <span class='ocrx_word' id='word_1_326' title='bbox 256 4089 365 4167; x_wconf 92' lang='lat' dir='ltr'>poetae</span> <span class='ocrx_word' id='word_1_327' title='bbox 405 4088 436 4147; x_wconf 92' lang='lat' dir='ltr'>et</span> <span class='ocrx_word' id='word_1_328' title='bbox 477 4077 655 4168; x_wconf 89' lang='lat' dir='ltr'>pbilosopbi</span> <span class='ocrx_word' id='word_1_329' title='bbox 687 4085 795 4144; x_wconf 91' lang='lat' dir='ltr'>contra</span> <span class='ocrx_word' id='word_1_330' title='bbox 828 4095 949 4163; x_wconf 79' lang='lat' dir='ltr'>saorapu</span> <span class='ocrx_word' id='word_1_331' title='bbox 983 4077 1050 4146; x_wconf 92' lang='lat' dir='ltr'>auri</span> <span class='ocrx_word' id='word_1_332' title='bbox 1083 4077 1198 4145; x_wconf 85' lang='lat' dir='ltr'>famem</span> <span class='ocrx_word' id='word_1_333' title='bbox 1224 4073 1518 4157; x_wconf 89' lang='lat' dir='ltr'>declamitaverunt,</span> <span class='ocrx_word' id='word_1_334' title='bbox 1546 4075 1629 4164; x_wconf 91' lang='lat' dir='ltr'>quod</span> <span class='ocrx_word' id='word_1_335' title='bbox 1711 4087 1713 4092; x_wconf 84' lang='lat'>&#39;</span> 
     </span>
     <span class='ocr_line' id='line_1_33' title="bbox 103 4194 1632 4290; baseline -0.003 -22"><span class='ocrx_word' id='word_1_336' title='bbox 103 4203 212 4290; x_wconf 91' lang='lat' dir='ltr'>ipsum</span> <span class='ocrx_word' id='word_1_337' title='bbox 232 4200 314 4269; x_wconf 92' lang='lat' dir='ltr'>baud</span> <span class='ocrx_word' id='word_1_338' title='bbox 342 4200 408 4268; x_wconf 90' lang='lat' dir='ltr'>scio</span> <span class='ocrx_word' id='word_1_339' title='bbox 427 4219 466 4267; x_wconf 92' lang='lat' dir='ltr'>au</span> <span class='ocrx_word' id='word_1_340' title='bbox 487 4204 671 4286; x_wconf 90' lang='lat' dir='ltr'>argumento</span> <span class='ocrx_word' id='word_1_341' title='bbox 694 4198 735 4264; x_wconf 90' lang='lat' dir='ltr'>sit</span> <span class='ocrx_word' id='word_1_342' title='bbox 754 4216 808 4266; x_wconf 91' lang='lat' dir='ltr'>eos</span> <span class='ocrx_word' id='word_1_343' title='bbox 829 4197 953 4266; x_wconf 88' lang='lat' dir='ltr'>inanem</span> <span class='ocrx_word' id='word_1_344' title='bbox 975 4194 1113 4266; x_wconf 86' lang='lat' dir='ltr'>laborem</span> <span class='ocrx_word' id='word_1_345' title='bbox 1132 4198 1316 4285; x_wconf 89' lang='lat' dir='ltr'>suscepisse.</span> <span class='ocrx_word' id='word_1_346' title='bbox 1339 4195 1528 4282; x_wconf 81' lang='lat' dir='ltr'>Diuitiarum</span> <span class='ocrx_word' id='word_1_347' title='bbox 1544 4197 1632 4286; x_wconf 88' lang='lat' dir='ltr'>cupi·</span> 
     </span>
     <span class='ocr_line' id='line_1_34' title="bbox 102 4307 1631 4409; baseline -0.005 -19"><span class='ocrx_word' id='word_1_348' title='bbox 102 4321 198 4404; x_wconf 90' lang='lat' dir='ltr'>ditas,</span> <span class='ocrx_word' id='word_1_349' title='bbox 227 4321 349 4409; x_wconf 91' lang='lat' dir='ltr'>penitus</span> <span class='ocrx_word' id='word_1_350' title='bbox 377 4319 469 4388; x_wconf 90' lang='lat' dir='ltr'>insita</span> <span class='ocrx_word' id='word_1_351' title='bbox 493 4319 524 4386; x_wconf 97' lang='lat' dir='ltr'>in</span> <span class='ocrx_word' id='word_1_352' title='bbox 554 4316 713 4386; x_wconf 93' lang='lat' dir='ltr'>bominum</span> <span class='ocrx_word' id='word_1_353' title='bbox 736 4325 859 4400; x_wconf 89' lang='lat' dir='ltr'>natura,</span> <span class='ocrx_word' id='word_1_354' title='bbox 880 4336 918 4384; x_wconf 94' lang='lat' dir='ltr'>eo</span> <span class='ocrx_word' id='word_1_355' title='bbox 950 4317 1050 4403; x_wconf 88' lang='lat' dir='ltr'>magis</span> <span class='ocrx_word' id='word_1_356' title='bbox 1067 4316 1151 4406; x_wconf 91' lang='lat' dir='ltr'>apud</span> <span class='ocrx_word' id='word_1_357' title='bbox 1169 4314 1306 4385; x_wconf 89' lang='lat' dir='ltr'>Graecos</span> <span class='ocrx_word' id='word_1_358' title='bbox 1323 4307 1525 4398; x_wconf 90' lang='lat' dir='ltr'>incitabatur,</span> <span class='ocrx_word' id='word_1_359' title='bbox 1546 4315 1631 4405; x_wconf 90' lang='lat' dir='ltr'>quud</span> 
     </span>
     <span class='ocr_line' id='line_1_35' title="bbox 103 4413 1658 4528; baseline -0.008 -18"><span class='ocrx_word' id='word_1_360' title='bbox 103 4440 245 4528; x_wconf 92' lang='lat' dir='ltr'>inopiam</span> <span class='ocrx_word' id='word_1_361' title='bbox 274 4437 431 4509; x_wconf 92' lang='lat' dir='ltr'>bumilitas</span> <span class='ocrx_word' id='word_1_362' title='bbox 457 4446 488 4506; x_wconf 92' lang='lat' dir='ltr'>et</span> <span class='ocrx_word' id='word_1_363' title='bbox 504 4413 689 4518; x_wconf 83' lang='lat' dir='ltr'>contemtus,</span> <span class='ocrx_word' id='word_1_364' title='bbox 709 4435 846 4519; x_wconf 86' lang='lat' dir='ltr'>divitias,</span> <span class='ocrx_word' id='word_1_365' title='bbox 869 4436 1003 4504; x_wconf 91' lang='lat' dir='ltr'>bonores</span> <span class='ocrx_word' id='word_1_366' title='bbox 1030 4444 1059 4504; x_wconf 90' lang='lat' dir='ltr'>et</span> <span class='ocrx_word' id='word_1_367' title='bbox 1088 4436 1225 4524; x_wconf 90' lang='lat' dir='ltr'>potentia</span> <span class='ocrx_word' id='word_1_368' title='bbox 1251 4433 1473 4524; x_wconf 90' lang='lat' dir='ltr'>sequebantur.</span> <span class='ocrx_word' id='word_1_369' title='bbox 1506 4435 1658 4525; x_wconf 81' lang='lat' dir='ltr'>Sparta.</span> 
     </span>
     <span class='ocr_line' id='line_1_36' title="bbox 101 4551 1629 4646; baseline -0.004 -19"><span class='ocrx_word' id='word_1_370' title='bbox 101 4579 217 4628; x_wconf 92' lang='lat' dir='ltr'>norum</span> <span class='ocrx_word' id='word_1_371' title='bbox 244 4559 408 4628; x_wconf 87' lang='lat' dir='ltr'>avaritiam</span> <span class='ocrx_word' id='word_1_372' title='bbox 436 4558 506 4646; x_wconf 93' lang='lat' dir='ltr'>quis</span> <span class='ocrx_word' id='word_1_373' title='bbox 533 4556 681 4644; x_wconf 77' lang='lat' dir='ltr'>ignorati</span> <span class='ocrx_word' id='word_1_374' title='bbox 708 4553 825 4643; x_wconf 92' lang='lat' dir='ltr'>quibus</span> <span class='ocrx_word' id='word_1_375' title='bbox 854 4555 1047 4643; x_wconf 90' lang='lat' dir='ltr'>praedictum</span> <span class='ocrx_word' id='word_1_376' title='bbox 1075 4554 1178 4622; x_wconf 86' lang='lat' dir='ltr'>luerat</span> <span class='ocrx_word' id='word_1_377' title='bbox 1199 4551 1318 4622; x_wconf 91' lang='lat' dir='ltr'>nullam</span> <span class='ocrx_word' id='word_1_378' title='bbox 1338 4573 1403 4624; x_wconf 91' lang='lat' dir='ltr'>rem</span> <span class='ocrx_word' id='word_1_379' title='bbox 1420 4563 1545 4644; x_wconf 88' lang='lat' dir='ltr'>praeter</span> <span class='ocrx_word' id='word_1_380' title='bbox 1561 4555 1629 4622; x_wconf 90' lang='lat' dir='ltr'>auri</span> 
     </span>
     <span class='ocr_line' id='line_1_37' title="bbox 100 4669 1630 4768; baseline -0.006 -18"><span class='ocrx_word' id='word_1_381' title='bbox 100 4679 308 4768; x_wconf 89' lang='lat' dir='ltr'>cupiditatem</span> <span class='ocrx_word' id='word_1_382' title='bbox 337 4679 432 4746; x_wconf 82' lang='lat' dir='ltr'>esitio</span> <span class='ocrx_word' id='word_1_383' title='bbox 459 4677 594 4745; x_wconf 88' lang='lat' dir='ltr'>interam</span> <span class='ocrx_word' id='word_1_384' title='bbox 619 4673 703 4764; x_wconf 79' lang='lat' dir='ltr'>Tprt.</span> <span class='ocrx_word' id='word_1_385' title='bbox 732 4670 773 4764; x_wconf 78' lang='lat' dir='ltr'>fr.</span> <span class='ocrx_word' id='word_1_386' title='bbox 804 4676 835 4741; x_wconf 86' lang='lat'>3.</span> <span class='ocrx_word' id='word_1_387' title='bbox 862 4669 1079 4741; x_wconf 82' lang='lat' dir='ltr'>Aristodamus</span> <span class='ocrx_word' id='word_1_388' title='bbox 1105 4680 1213 4743; x_wconf 90' lang='lat' dir='ltr'>autem</span> <span class='ocrx_word' id='word_1_389' title='bbox 1240 4672 1361 4741; x_wconf 83' lang='lat' dir='ltr'>dixerat</span> <span class='ocrx_word' id='word_1_390' title='bbox 1380 4673 1539 4743; x_wconf 93' lang='lat' dir='ltr'>bominem</span> <span class='ocrx_word' id='word_1_391' title='bbox 1559 4693 1630 4742; x_wconf 90' lang='lat' dir='ltr'>esse</span> 
     </span>
     <span class='ocr_line' id='line_1_38' title="bbox 99 4789 1629 4890; baseline -0.006 -22"><span class='ocrx_word' id='word_1_392' title='bbox 99 4798 274 4890; x_wconf 90' lang='lat' dir='ltr'>pecuniam</span> <span class='ocrx_word' id='word_1_393' title='bbox 302 4794 365 4868; x_wconf 72' lang='lat' dir='ltr'>tta.</span> <span class='ocrx_word' id='word_1_394' title='bbox 391 4793 432 4887; x_wconf 75' lang='lat' dir='ltr'>fr.</span> <span class='ocrx_word' id='word_1_395' title='bbox 463 4797 519 4864; x_wconf 82' lang='lat'>50.</span> <span class='ocrx_word' id='word_1_396' title='bbox 548 4793 608 4864; x_wconf 91' lang='lat' dir='ltr'>Sed</span> <span class='ocrx_word' id='word_1_397' title='bbox 637 4812 748 4862; x_wconf 89' lang='lat' dir='ltr'>omnes</span> <span class='ocrx_word' id='word_1_398' title='bbox 778 4789 1013 4881; x_wconf 86' lang='lat' dir='ltr'>magistratibus</span> <span class='ocrx_word' id='word_1_399' title='bbox 1038 4792 1077 4860; x_wconf 91' lang='lat' dir='ltr'>ad</span> <span class='ocrx_word' id='word_1_400' title='bbox 1105 4801 1270 4882; x_wconf 87' lang='lat' dir='ltr'>quaestum</span> <span class='ocrx_word' id='word_1_401' title='bbox 1287 4790 1450 4860; x_wconf 89' lang='lat' dir='ltr'>abutentes</span> <span class='ocrx_word' id='word_1_402' title='bbox 1471 4799 1502 4860; x_wconf 91' lang='lat' dir='ltr'>el</span> <span class='ocrx_word' id='word_1_403' title='bbox 1521 4810 1629 4862; x_wconf 90' lang='lat' dir='ltr'>rerum</span> 
     </span>
     <span class='ocr_line' id='line_1_39' title="bbox 97 4887 1630 5002; baseline -0.007 -12"><span class='ocrx_word' id='word_1_404' title='bbox 97 4926 337 4990; x_wconf 88' lang='lat' dir='ltr'>contractarum</span> <span class='ocrx_word' id='word_1_405' title='bbox 365 4915 576 4986; x_wconf 88' lang='lat' dir='ltr'>inconstantia</span> <span class='ocrx_word' id='word_1_406' title='bbox 602 4933 640 4982; x_wconf 92' lang='lat' dir='ltr'>ac</span> <span class='ocrx_word' id='word_1_407' title='bbox 668 4912 840 4982; x_wconf 91' lang='lat' dir='ltr'>mendaciis</span> <span class='ocrx_word' id='word_1_408' title='bbox 879 4913 1052 4981; x_wconf 81' lang='lat' dir='ltr'>effecerunt</span> <span class='ocrx_word' id='word_1_409' title='bbox 1087 4920 1122 4981; x_wconf 92' lang='lat' dir='ltr'>ut</span> <span class='ocrx_word' id='word_1_410' title='bbox 1156 4887 1311 4981; x_wconf 84' lang='lat' dir='ltr'>ciuitates</span> <span class='ocrx_word' id='word_1_411' title='bbox 1332 4911 1496 5002; x_wconf 88' lang='lat' dir='ltr'>peculatus</span> <span class='ocrx_word' id='word_1_412' title='bbox 1533 4913 1630 4999; x_wconf 92' lang='lat' dir='ltr'>igno-</span> 
     </span>
     <span class='ocr_line' id='line_1_40' title="bbox 97 5015 1629 5123; baseline -0.006 -14"><span class='ocrx_word' id='word_1_413' title='bbox 97 5041 201 5110; x_wconf 91' lang='lat' dir='ltr'>minia</span> <span class='ocrx_word' id='word_1_414' title='bbox 228 5037 310 5107; x_wconf 91' lang='lat' dir='ltr'>male</span> <span class='ocrx_word' id='word_1_415' title='bbox 335 5035 482 5106; x_wconf 91' lang='lat' dir='ltr'>audirent</span> <span class='ocrx_word' id='word_1_416' title='bbox 515 5042 546 5102; x_wconf 92' lang='lat' dir='ltr'>el</span> <span class='ocrx_word' id='word_1_417' title='bbox 577 5053 688 5123; x_wconf 83' lang='lat' dir='ltr'>praeco</span> <span class='ocrx_word' id='word_1_418' title='bbox 717 5029 791 5120; x_wconf 71' lang='lat' dir='ltr'>rides</span> <span class='ocrx_word' id='word_1_419' title='bbox 826 5033 856 5100; x_wconf 94' lang='lat' dir='ltr'>in</span> <span class='ocrx_word' id='word_1_420' title='bbox 897 5026 1101 5121; x_wconf 81' lang='lat' dir='ltr'>proverbium</span> <span class='ocrx_word' id='word_1_421' title='bbox 1128 5015 1269 5101; x_wconf 88' lang='lat' dir='ltr'>cesserit.</span> <span class='ocrx_word' id='word_1_422' title='bbox 1299 5031 1361 5100; x_wconf 91' lang='lat' dir='ltr'>Nec</span> <span class='ocrx_word' id='word_1_423' title='bbox 1390 5040 1493 5100; x_wconf 89' lang='lat' dir='ltr'>tamen</span> <span class='ocrx_word' id='word_1_424' title='bbox 1524 5029 1629 5102; x_wconf 80' lang='lat' dir='ltr'>rithe-</span> 
     </span>
    </p>

    <p class='ocr_par' dir='ltr' id='par_1_7' title="bbox 94 5335 1629 5497">
     <span class='ocr_line' id='line_1_41' title="bbox 131 5335 1629 5418; baseline -0.009 -21"><span class='ocrx_word' id='word_1_425' title='bbox 131 5341 168 5409; x_wconf 74' lang='grc'>(1)</span> <span class='ocrx_word' id='word_1_426' title='bbox 187 5340 246 5396; x_wconf 82' lang='lat' dir='ltr'>lam</span> <span class='ocrx_word' id='word_1_427' title='bbox 260 5337 415 5412; x_wconf 70' lang='lat' dir='ltr'>Aeschylus</span> <span class='ocrx_word' id='word_1_428' title='bbox 427 5339 537 5394; x_wconf 68' lang='lat' dir='ltr'>dixerat</span> <span class='ocrx_word' id='word_1_429' title='bbox 549 5345 643 5409; x_wconf 69' lang='lat' dir='ltr'>Adam.</span> <span class='ocrx_word' id='word_1_430' title='bbox 661 5337 737 5393; x_wconf 71' lang='lat'>1042:</span> <span class='ocrx_word' id='word_1_431' title='bbox 753 5340 772 5388; x_wconf 80' lang='grc' dir='ltr'>εἰ</span> <span class='ocrx_word' id='word_1_432' title='bbox 784 5335 845 5388; x_wconf 56' lang='lat' dir='ltr'>&amp;aba</span> <span class='ocrx_word' id='word_1_433' title='bbox 858 5339 943 5400; x_wconf 78' lang='grc' dir='ltr'><em>ἀνάγκη</em></span> <span class='ocrx_word' id='word_1_434' title='bbox 956 5339 1021 5418; x_wconf 68' lang='lat' dir='ltr'>rdud&#39;</span> <span class='ocrx_word' id='word_1_435' title='bbox 1031 5339 1148 5406; x_wconf 69' lang='grc' dir='ltr'><strong><em>ἐπιρρέποι</em></strong></span> <span class='ocrx_word' id='word_1_436' title='bbox 1161 5339 1231 5400; x_wconf 78' lang='grc' dir='ltr'>τύχης</span> <span class='ocrx_word' id='word_1_437' title='bbox 1246 5339 1290 5401; x_wconf 71' lang='lat' dir='ltr'>(sc.</span> <span class='ocrx_word' id='word_1_438' title='bbox 1304 5335 1418 5405; x_wconf 77' lang='grc' dir='ltr'>δουλείας)</span> <span class='ocrx_word' id='word_1_439' title='bbox 1432 5337 1629 5405; x_wconf 75' lang='grc' dir='ltr'><strong>ἀρχαιοπλούτων</strong></span> 
     </span>
     <span class='ocr_line' id='line_1_42' title="bbox 94 5421 1543 5497; baseline -0.006 -17"><span class='ocrx_word' id='word_1_440' title='bbox 94 5431 219 5481; x_wconf 73' lang='grc' dir='ltr'>δεσποτῶν</span> <span class='ocrx_word' id='word_1_441' title='bbox 237 5427 316 5481; x_wconf 72' lang='grc' dir='ltr'>πολλὴ</span> <span class='ocrx_word' id='word_1_442' title='bbox 334 5433 416 5497; x_wconf 75' lang='grc' dir='ltr'><strong><em>χάρις·</em></strong></span> <span class='ocrx_word' id='word_1_443' title='bbox 438 5423 459 5475; x_wconf 79' lang='grc' dir='ltr'>οἳ</span> <span class='ocrx_word' id='word_1_444' title='bbox 479 5425 499 5473; x_wconf 83' lang='grc' dir='ltr'>δ’</span> <span class='ocrx_word' id='word_1_445' title='bbox 509 5423 732 5481; x_wconf 67' lang='grc' dir='ltr'>οὔποτ’ἰλπίσαντις</span> <span class='ocrx_word' id='word_1_446' title='bbox 750 5427 842 5490; x_wconf 73' lang='grc' dir='ltr'>ἤμησαν</span> <span class='ocrx_word' id='word_1_447' title='bbox 860 5425 949 5494; x_wconf 60' lang='grc' dir='ltr'>καλῶς,</span> <span class='ocrx_word' id='word_1_448' title='bbox 968 5423 1029 5490; x_wconf 74' lang='lat' dir='ltr'>aper</span> <span class='ocrx_word' id='word_1_449' title='bbox 1045 5441 1071 5472; x_wconf 79' lang='grc' dir='ltr'>τε</span> <span class='ocrx_word' id='word_1_450' title='bbox 1089 5421 1178 5481; x_wconf 76' lang='grc' dir='ltr'>δούλοις</span> <span class='ocrx_word' id='word_1_451' title='bbox 1196 5425 1272 5472; x_wconf 80' lang='grc' dir='ltr'>πάντα</span> <span class='ocrx_word' id='word_1_452' title='bbox 1290 5427 1329 5471; x_wconf 82' lang='grc' dir='ltr'>καὶ</span> <span class='ocrx_word' id='word_1_453' title='bbox 1347 5425 1543 5491; x_wconf 30' lang='grc' dir='ltr'>πρά-στάθμην.</span> 
     </span>
    </p>
   </div>
   <div class='ocr_carea' id='block_1_6' title="bbox 1459 5539 1475 5601">
    <p class='ocr_par' dir='ltr' id='par_1_8' title="bbox 1459 5539 1475 5601">
     <span class='ocr_line' id='line_1_43' title="bbox 1459 5539 1475 5601; baseline 0 0"><span class='ocrx_word' id='word_1_454' title='bbox 1459 5539 1475 5601; x_wconf 86' lang='grc'>5</span> 
     </span>
    </p>
   </div>
   <div class='ocr_carea' id='block_1_7' title="bbox 0 0 2010 6166">
    <p class='ocr_par' dir='ltr' id='par_1_9' title="bbox 0 0 2010 6166">
     <span class='ocr_line' id='line_1_44' title="bbox 0 0 2010 6166; baseline 0 0"><span class='ocrx_word' id='word_1_455' title='bbox 0 0 2010 6166; x_wconf 95' lang='lat' dir='ltr'> </span> 
     </span>
    </p>
   </div>
  </div>
 </body>
</html>
