4010 6172
759 313 954 384 -2q-

94 484 205 549 gerere
231 467 409 534 statuisset:
437 463 476 532 ab
505 462 760 548 Atheniensibus,
793 469 903 556 iuquit,
932 466 962 534 id
990 465 1119 534 decerni
1147 467 1250 554 cupio,
1279 464 1364 554 quod
1392 463 1529 553 profecto
1547 483 1618 534 mea

94 602 205 652 caussa
233 585 364 666 fatrieut3
386 586 440 652 sed
469 584 585 673 populo
614 589 717 653 aurico
739 597 816 671 utar,
838 588 862 654 si
880 587 957 654 meis
977 585 1117 654 consiliis
1138 585 1367 654 adsentientem
1389 585 1504 654 fecero.
1523 584 1618 656 Prac-

95 711 180 770 terea
210 705 417 792 principatum
446 707 639 774 constituens
659 705 834 774 libertatem
858 717 888 774 et
907 725 1039 794 aequum
1059 705 1200 792 suffragii
1221 705 1270 773 ius
1289 703 1383 774 tribui
1401 701 1508 796 Suppl.
1529 701 1613 787 alm

94 816 149 909 cfr.
180 823 262 906 393,
293 823 367 895 fler.
401 821 481 892 lta.
512 823 661 892 Praeconi
681 823 817 892 thebano
837 825 1080 894 Atheniensium
1100 834 1270 916 tyrannum
1289 825 1452 913 quaerenti
1477 822 1616 893 Theseus

94 943 162 1028 ipse
193 945 365 1030 respoudit:
399 942 475 1012 falso
504 946 648 1032 coepisti,
677 945 730 1032 qui
762 954 929 1033 tyrannum
956 946 1168 1034 quaesiverim
1196 963 1257 1013 non
1285 945 1368 1011 errim
1397 941 1437 1012 ab
1465 944 1612 1014 unoviro

95 1033 236 1133 Athenae
266 1073 431 1149 reguntur,
460 1063 514 1132 sed
544 1061 663 1132 liberae
697 1074 781 1133 sunt.
819 1063 1003 1133 Annuorum
1039 1066 1278 1154 magistratuum
1310 1061 1435 1132 vicibus
1480 1063 1617 1152 populus

94 1185 270 1273 imperitam
301 1183 341 1250 uil
372 1186 580 1272 praecipuum
609 1182 762 1253 divitibus
789 1183 986 1268 currcediiur,
1013 1185 1066 1253 sed
1096 1205 1198 1273 aequo
1225 1183 1293 1253 iure
1320 1203 1393 1252 cum
1423 1181 1617 1273 pauperibus

95 1313 226 1371 utnutnr
254 1277 359 1392 suppl.
390 1300 471 1372 loa.

144 1422 264 1490 llortoo
304 1423 421 1491 Pericle
457 1423 663 1492 immoderata
700 1425 804 1513 populi
836 1427 1005 1494 auctoritas
1036 1425 1257 1512 corrumpitur.
1285 1420 1442 1492 Gravihus
1471 1431 1538 1491 tum
1566 1424 1616 1492 in-

93 1542 268 1612 commodis
294 1541 505 1611 Athenienses
534 1543 812 1626 conflictabantur;
836 1565 911 1630 agor
929 1547 1013 1613 enim
1035 1544 1074 1615 ah
1095 1543 1235 1613 hostibus
1258 1543 1428 1612 identidem
1449 1550 1620 1632 occupatus

94 1661 286 1746 vastabatur,
316 1666 346 1732 io
376 1661 452 1732 urbe
480 1663 625 1752 agricolis
654 1665 767 1733 referta
794 1664 892 1734 multa
918 1667 1005 1736 milia
1031 1667 1194 1736 hominum
1222 1661 1333 1734 morbo
1353 1661 1508 1748 absumta,
1535 1681 1629 1732 mer·‘
1707 1654 1710 1662 ’

93 1793 203 1852 eatura
230 1783 390 1872 impedita,
410 1784 486 1852 socii
516 1785 603 1853 inlidi
633 1793 727 1874 atque
753 1785 831 1854 adeo
860 1784 1056 1870 rebellantes,
1075 1786 1234 1855 aerarium
1261 1784 1458 1867 exhaustum,
1478 1779 1620 1852 diuturni

94 1901 296 1992 infelicisque
323 1902 395 1972 belli
425 1907 628 1993 exspectatio,
657 1906 732 1972 foris
761 1906 864 1974 hostes
890 1907 1001 1991 infesti,
1021 1907 1106 1976 domi
1126 1885 1296 1976 factionum
1315 1902 1436 1973 turbae.
1459 1902 1618 1988 Quantum

93 2022 228 2110 ingenii,
256 2023 423 2106 sollertiae,
453 2024 623 2092 honestatis
651 2045 730 2112 opos
758 2034 832 2108 erat,
863 2034 894 2092 ot
921 2047 961 2094 ex
989 2035 1048 2094 lam
1083 2025 1187 2093 multis
1223 2021 1462 2093 difficultatibus
1493 2022 1621 2092 libertas

92 2155 187 2232 atque
217 2146 381 2233 imperinm
425 2144 560 2212 trinitatis
598 2145 814 2213 servarentur!
850 2144 942 2228 Quod
976 2144 1203 2234 perficiendum
1238 2151 1444 2233 susceperant
1475 2143 1621 2212 homines

93 2284 154 2330 non
187 2261 352 2332 nobilitate
381 2265 507 2352 generis
534 2264 590 2331 sed
617 2263 750 2332 audacia
770 2273 801 2332 et
824 2261 991 2334 ‘fraudibus
1018 2265 1132 2349 evecti,
1161 2265 1214 2353 qui
1233 2265 1262 2330 in
1284 2260 1378 2332 rebus
1393 2262 1540 2350 gerendis
1559 2283 1620 2331 non

92 2383 225 2452 consilio
265 2383 319 2452 sed
358 2385 544 2466 temeritate,
580 2403 641 2452 oon
679 2386 797 2471 patriae
825 2405 932 2454 amore
958 2385 1014 2453 sed
1041 2384 1183 2454 factionis
1211 2383 1315 2452 studio
1343 2393 1374 2452 et
1403 2403 1461 2452 sua
1488 2382 1621 2451 utilitate

95 2501 305 2584 ducebantur,
334 2521 437 2592 neque
466 2505 587 2589 ingrata
613 2522 651 2571 ac
679 2503 810 2572 molesta
838 2504 954 2592 populo
981 2504 1085 2572 dicere
1111 2501 1272 2601 audebant
1298 2501 1353 2571 sed
1381 2501 1466 2588 vulgi
1495 2501 1622 2591 cupidi-

19 2711 21 2714 ·
95 2620 215 2691 tatibus
234 2620 500 2704 blandiebantur;
520 2624 571 2710 qui
592 2623 631 2690 ad
650 2621 768 2692 bellum
784 2623 1066 2692 administrandum
1086 2643 1147 2692 non
1168 2623 1335 2692 militarem
1350 2641 1442 2690 usum
1460 2630 1619 2707 etaucto-

95 2745 220 2811 ritatem
248 2762 352 2811 rerum
373 2742 505 2812 feliciter
524 2751 684 2830 gestarum
706 2741 968 2824 afferebant-sed
995 2742 1145 2812 invidiam
1174 2742 1428 2830 iudiciorumque
1444 2739 1620 2810 calumnias

95 2863 249 2932 adversus
284 2883 346 2947 eos,
380 2865 432 2951 qui
467 2861 559 2931 laudo
588 2862 712 2931 militari
744 2864 898 2932 florerent.
938 2861 1078 2946 Quarum
1113 2882 1217 2931 rerum
1251 2881 1384 2931 caussae
1412 2862 1443 2928 in
1472 2859 1616 2930 moribus

95 2984 225 3070 penitus
243 2985 442 3068 commutatis
469 2982 671 3070 quaerendae
699 2991 781 3052 sunt.
811 2982 977 3072 Euripides
1004 2984 1070 3070 ipse
1097 2984 1141 3052 ait
1158 2993 1229 3070 eam
1256 2979 1436 3050 civitatibus
1464 3000 1533 3050 esse
1553 2999 1618 3049 rem

97 3099 271 3189 publicam,
305 3122 369 3190 qua
404 3122 551 3190 quaeque
586 3102 681 3187 digua
714 3105 752 3170 sit
789 3101 829 3170 H.
860 3102 893 3173 F.
923 3095 1006 3174 272}
1035 3101 1159 3171 Etenim
1188 3099 1269 3170 hello
1296 3121 1332 3169 ac
1352 3099 1532 3192 pestilentia
1559 3119 1623 3182 non

96 3222 195 3290 modo
224 3224 383 3291 innumeri
410 3225 495 3291 cives
524 3225 702 3313 perierunt,
732 3242 838 3290 verum
867 3223 959 3290 etiam
988 3243 1091 3290 mores
1119 3223 1160 3291 ita
1185 3223 1323 3310 corrupti
1357 3229 1439 3304 suot,
1466 3228 1501 3288 ut
1525 3219 1621 3289 animi

92 3364 111 3410 a
142 3343 259 3430 pietate
293 3361 367 3428 erga
400 3345 530 3432 patriam
564 3364 602 3411 ao
630 3343 757 3411 domum
786 3345 919 3425 avocati,
958 3343 1146 3432 turpissimis
1173 3339 1398 3432 cupiditatibus
1425 3339 1620 3410 inservirent.

93 3461 199 3530 Antea
226 3461 336 3530 sollers
363 3482 400 3530 ac
427 3463 509 3550 frugi
539 3462 670 3552 populus
692 3465 721 3530 io
741 3463 822 3551 agris
842 3471 977 3531 aetatem
997 3461 1143 3546 ducebat,
1163 3463 1361 3550 antiquarum
1382 3481 1489 3531 rerum
1511 3458 1621 3528 obser-

94 3583 313 3664 vantissimus,
341 3582 510 3651 modestiae
538 3583 674 3671 fideique
701 3584 876 3655 studiosus:
912 3584 1017 3671 itaque
1044 3560 1083 3651 ad
1112 3585 1317 3653 necessitates
1345 3583 1465 3672 patriae
1486 3583 1622 3669 integras

94 3722 270 3792 corporum
298 3711 328 3770 et
354 3705 533 3772 animorum
562 3706 643 3772 vires
671 3703 848 3773 adhibebat.
882 3693 943 3773 Sed
972 3705 1106 3773 hostiurn
1136 3701 1370 3773 incursionibus
1397 3700 1534 3792 bellique
1562 3701 1619 3769 dif-

93 3820 294 3891 ficultatihus
331 3832 470 3924 agrestes
512 3823 715 3913 urbanasque
752 3847 800 3892 res
835 3825 966 3893 afflictae
994 3825 1129 3912 fuerant,
1156 3834 1185 3893 et
1221 3825 1309 3911 inops
1348 3820 1515 3891 multitudo
1542 3823 1623 3888 intra

93 3943 225 4010 moenia
252 3941 366 4025 clauso,
394 3944 521 4012 sordida
548 3965 701 4034 spernens
719 3945 861 4025 artificia,
882 3947 999 4014 victum
1019 3965 1037 4013 a
1056 3946 1180 4012 civitate
1202 3941 1370 4030 flagitabat.
1400 3942 1476 4010 lodo
1497 3942 1621 4027 frugum

91 4082 133 4131 ae
160 4064 322 4152 pecuniae
339 4062 529 4152 largitiones,
551 4086 681 4134 munera
699 4067 743 4133 rei
763 4064 911 4154 publicae
931 4085 968 4137 cx
988 4064 1109 4132 aerario
1126 4083 1271 4152 repensa,
1292 4062 1458 4131 commoda
1485 4060 1622 4129 civitatis

94 4182 255 4269 neglecta,
284 4185 390 4270 magni
418 4182 657 4253 Atheniensium
676 4187 790 4254 civium
810 4185 938 4272 spiritus
958 4185 1107 4251 restincti.
1127 4181 1291 4251 Praeterea
1309 4202 1405 4271 quum
1425 4189 1479 4250 aut
1497 4179 1622 4249 deletae

92 4312 150 4371 aunt
179 4305 243 4370 iam
271 4311 436 4392 corruptae
464 4314 567 4374 essent
592 4307 740 4394 antiquae
767 4304 887 4386 domus,
916 4323 999 4394 quae
1027 4304 1102 4391 ipsis
1131 4300 1309 4370 nominibus
1328 4302 1484 4370 maiorum
1502 4300 1621 4388 gloriae

93 4419 323 4504 admonebant,
361 4427 519 4512 egentium
552 4435 655 4493 autem
688 4423 851 4494 mullitudo
886 4433 988 4512 aucta,
1023 4442 1146 4491 sunrma
1172 4443 1277 4491 rerum
1304 4420 1344 4491 ab
1373 4422 1410 4489 iis
1437 4418 1624 4507 regebatur,

91 4541 215 4634 quibus
244 4559 316 4610 cum
344 4541 512 4632 plebecula
539 4545 670 4632 eiusque
697 4543 838 4612 moribus
866 4543 1037 4630 plurimum
1065 4541 1236 4610 adfinitatis
1263 4542 1482 4610 intercederet.

145 4659 197 4732 Ab
227 4683 264 4730 ea
291 4684 327 4732 re
357 4662 482 4751 publica
510 4685 636 4753 prorsus
664 4663 853 4733 abhorrebat
879 4663 1058 4752 Euripides3
1086 4663 1152 4754 qui·
1169 4683 1267 4753 quum
1293 4659 1509 4751 superioribus
1528 4658 1619 4728 annis

91 4782 235 4852 libertati
255 4785 306 4850 via
333 4803 371 4852 ac
399 4784 509 4853 ordine
529 4794 720 4875 propagatae
736 4785 936 4866 interfuisset,
954 4781 1115 4851 nobilitate
1134 4791 1165 4850 et
1182 4781 1401 4870 magnitudine
1426 4779 1622 4850 Athenarum

89 4904 255 4992 gloriatus,
284 4923 323 4970 en
350 4901 604 4973 meditationibus
632 4914 737 4973 alitem
765 4903 1024 4994 philosophorum
1052 4903 1191 4990 speciem
1220 4900 1376 4994 quandam
1404 4901 1573 4989 perfectam
1593 4906 1624 4968 et

89 5021 276 5092 absolutam
304 5025 441 5093 civitatis
468 5027 572 5094 animo
592 5025 775 5114 complexus
803 5032 884 5094 esset
911 5022 1135 5120 Socratemque
1157 5003 1272 5090 mullas
1286 5029 1393 5110 partes
1413 5021 1455 5088 rei
1477 5018 1624 5108 publicae

65 5141 317 5223 ,acerbissimis
349 5143 454 5213 verbis
489 5144 720 5234 improbantem
754 5144 935 5228 audivisset,
970 5140 1162 5233 querebatur·
1196 5137 1281 5232 quud
1308 5131 1449 5230 privatae
1477 5138 1623 5208 utilitates

87 5261 236 5353 publicis
263 5273 536 5360 anteponerentur,
563 5265 646 5356 quod
669 5265 801 5354 populus
829 5266 942 5332 amissa
969 5265 1122 5334 maiorum
1152 5261 1329 5349 prudentia,
1356 5259 1519 5343 industria,
1546 5278 1624 5328 cona
1702 5283 1707 5292 ·

85 5383 220 5466 stantia,
258 5403 484 5478 doorruoquam
514 5386 615 5455 subito
643 5388 761 5475 impetu
791 5386 949 5467 incensus,
982 5383 1094 5451 deiude
1126 5382 1219 5468 longa
1246 5381 1368 5450 desidia
1397 5386 1621 5450 marcesceret.
