3986 6172
721 405 766 422 ..
797 369 843 438 39
873 407 916 422 ..

44 530 182 611 δούλους,
200 524 317 615 onibus
336 543 399 596 non
420 527 560 617 perlecta
577 534 610 594 et
628 522 771 596 absoluta
788 520 929 607 libertas,
949 529 980 594 11
1002 529 1085 618 φύσει
1108 533 1206 614 ἄρχου,
1225 522 1280 596 sed
1301 525 1331 593 in
1350 543 1409 594 sua
1427 525 1583 614 cuiusque

47 647 158 735 patrie
184 647 424 738 circumscripta
450 653 545 716 esset.
574 645 693 716 Eadem
720 642 900 716 sentiebant
925 662 1045 715 omnes.
1074 643 1167 715 lnitio
1194 646 1279 716 enim
1298 644 1413 734 captiti
1433 642 1582 715 sineullo

46 766 183 854 generis
214 767 396 837 discrimine
426 767 511 836 serui
546 764 780 853 retinebantur;
815 785 942 854 semper
973 771 1082 835 autem
1118 764 1274 835 creditum
1316 771 1362 834 εει
1397 764 1580 835 servitutem

47 887 126 954 iure
154 884 228 956 belli
255 884 430 974 legitimam
457 906 528 956 esse
558 881 620 985 (l).
648 885 711 956 Sed
739 894 906 977 postquam
934 885 1032 954 animi
1059 883 1199 955 mitiores
1226 885 1300 955 iacti
1328 892 1403 955 sont
1429 893 1460 955 et
1478 903 1584 954 mores
1658 861 1662 871 x

48 1003 183 1089 exculti,
211 1004 242 1076 id
270 1006 302 1075 in
329 1005 590 1076 consuetudinem
617 1005 712 1089 venit,
739 1023 780 1074 ne
807 1005 877 1095 quis
903 999 1044 1076 Graecos
1072 1022 1180 1074 seruos
1198 1004 1342 1087 haberet,
1378 997 1428 1074 vel
1463 1002 1584 1089 saltem,

50 1145 156 1212 quum
182 1125 344 1210 venderet,
365 1145 403 1196 nc
429 1123 573 1196 barbaris
600 1126 744 1197 traderet.
765 1121 888 1215 Captivi
917 1122 965 1194 vel
985 1144 1043 1194 sua
1063 1123 1112 1194 uel
1132 1101 1282 1195 ditiorum
1303 1125 1421 1194 civium
1451 1123 1585 1213 pecunia

49 1243 303 1328 redimebantur,
337 1264 415 1335 quos
444 1245 619 1336 plerunque
653 1246 794 1316 civitates
814 1253 868 1314 aut
900 1244 939 1314 ad
971 1243 1213 1313 commutandos
1241 1253 1294 1314 eut
1325 1244 1364 1314 ad
1385 1243 1584 1315 redimendos

49 1363 225 1434 servabant
253 1357 659 1460 (aldenardensem
687 1365 718 1433 in
746 1365 815 1434 dies
842 1363 942 1451 magis
980 1364 1146 1434 necessarii
1179 1363 1300 1448 herent,
1319 1384 1382 1453 quo
1409 1362 1516 1454 plores
1545 1383 1584 1432 en

49 1483 238 1572 regionibus
264 1483 471 1555 barbarorum
499 1487 675 1575 comparati
702 1475 803 1571 erant,
831 1505 869 1556 eo
898 1483 996 1572 tnagis
1023 1482 1118 1573 vulgo
1158 1484 1312 1555 creditum
1351 1492 1399 1554 εει
1438 1483 1583 1554 servilem

54 1602 221 1694 quandam
250 1623 321 1674 esse
345 1599 554 1674 barbarorum
582 1612 739 1676 naturam.

109 1721 213 1809 Quam
240 1721 431 1792 inurbanum
459 1741 497 1792 ae
524 1730 616 1814 turpe
642 1730 724 1792 esset
752 1720 830 1792 illud
859 1721 1020 1791 hominum
1038 1741 1151 1810 genus,
1171 1722 1304 1792 sordidis
1322 1721 1464 1792 artificiis
1483 1717 1580 1790 eddi-

52 1850 154 1927 ctum,
180 1839 220 1912 ab
246 1843 332 1912 omni
360 1842 554 1912 humanitate
582 1850 747 1925 remotum,
777 1862 884 1913 rernm
912 1841 982 1913 loco
1011 1840 1164 1926 habiturn,
1193 1841 1286 1912 iecile
1314 1849 1361 1911 εει
1394 1840 1432 1911 ad
1469 1838 1585 1910 intelli-

52 1961 207 2047 gendum.
242 1961 344 2047 Quam
371 1961 412 2032 ob
438 1982 504 2031 rem
522 1961 676 2051 quidquid
695 1970 762 2032 erat
786 1959 954 2044 abiectum,
976 1963 1134 2052 ignarum,
1155 1963 1343 2050 flagitiosum
1367 1959 1462 2030 uerbo
1481 1955 1588 2029 servili

53 2079 349 2172 complectebantur
376 2076 440 2180 (3).
467 2081 646 2151 Humenius
674 2081 803 2172 quidem
835 2079 948 2152 Graeci
977 2102 1074 2172 quem
1103 2080 1235 2151 Romani
1266 2077 1435 2151 utebantur
1471 2081 1583 2165 servis,

53 2222 136 2292 quos
163 2222 181 2271 a
207 2201 391 2272 crudelitate
419 2200 617 2272 dominorum
646 2200 733 2292 leges
759 2199 944 2284 tuebantur;
973 2222 1072 2294 quom
1109 2202 1193 2270 enim
1228 2202 1261 2269 in
1295 2199 1448 2290 templum
1474 2199 1586 2270 Thesei

55 2321 285 2410 confugissent,
302 2321 431 2414 ,domini
458 2321 497 2390 ad
525 2341 581 2390 eos
608 2321 790 2394 vendendos
827 2324 895 2410 cogi
924 2329 1079 2413 poterant.
1108 2319 1173 2391 Ne'c
1206 2319 1362 2404 dominis,
1392 2329 1425 2388 ot
1451 2320 1586 2402 Romae,

57 2445 108 2509 ius
135 2441 221 2511 uitae
247 2441 398 2533 necisque
426 2441 595 2532 insertos
623 2441 773 2512 tributum
801 2451 878 2527 eret,
905 2440 961 2512 sed
988 2439 1117 2531 publico
1151 2440 1268 2512 iudicio
1294 2436 1588 2511 condemnabantur

58 2562 155 2629 otiam
183 2561 208 2628 si
238 2559 268 2628 in
295 2560 364 2651 ipse
388 2558 589 2630 dominorum
616 2561 714 2632 caede
742 2571 849 2632 essent
874 2561 1061 2652 deprehensi
1091 2559 1153 2655 (l).
1182 2558 1328 2632 Attamen
1346 2578 1446 2648 quum
1468 2577 1583 2648 magno

58 2700 227 2750 seruorum
259 2699 392 2749 numero
426 2689 491 2750 turn
527 2680 693 2751 insolentia
724 2690 818 2774 atque
860 2678 1059 2772 improbitate
1087 2680 1182 2752 hebal
1217 2689 1250 2750 ut
1278 2678 1364 2749 nullo
1392 2689 1482 2769 pacto
1511 2701 1530 2749 a
1557 2681 1588 2747 vi

58 2780 212 2870 abstineri
239 2807 364 2890 posset,
392 2802 579 2890 praesertim
606 2821 704 2892 quum
733 2801 829 2871 multo
856 2801 929 2892 plus
956 2810 1038 2871 esset
1064 2779 1176 2871 serrae
1204 2821 1300 2894 quem
1330 2799 1447 2869 liberae
1483 2798 1588 2869 multi-

63 2920 194 2992 tndinis.
222 2920 381 3016 Quantum
409 2920 598 2990 incommodi
626 2941 664 2991 ac
692 2921 824 3010 periculi
853 2919 1033 2991 civitatibus
1069 2920 1265 3011 impenderet
1292 2920 1370 2989 vidit
1410 2906 1506 3005 Plato,
1535 2919 1590 3011 qui

57 3039 288 3110 Messeniorum
314 3041 483 3111 seditiones
511 3049 541 3110 et
567 3061 728 3136 servorum
759 3042 788 3110 in
825 3040 916 3111 ltelia
943 3040 1108 3110 latrocinia
1135 3049 1287 3111 memoret
1325 3030 1395 3136 (5);
1428 3039 1472 3107 nil
1501 3039 1588 3108 enim

57 3181 172 3233 sanum
201 3159 370 3230 servilibus
399 3161 430 3228 in
459 3162 582 3246 animis,
611 3160 729 3231 nollem
759 3162 866 3248 iidem,
893 3160 988 3253 idque
1017 3161 1148 3229 remedii
1176 3160 1333 3248 reliquum
1360 3178 1439 3240 esse,
1467 3165 1500 3226 ut
1525 3177 1585 3227 nec

56 3281 231 3373 populares
265 3281 296 3348 in
330 3281 478 3349 servitute
511 3278 685 3351 habeantur
723 3299 800 3350 nete
833 3281 954 3350 iniuriis
985 3281 1068 3349 servi
1103 3279 1300 3358 afficientem
1327 3295 1453 3366 semper
1480 3284 1587 3346 autem

61 3402 184 3492 poenis,
213 3418 375 3490 nunquam
401 3400 612 3470 familiaritate
639 3408 733 3492 atque
761 3398 1029 3470 admonitionibus
1058 3399 1208 3468 utendum
1237 3392 1300 3494 (d).

109 3519 197 3605 Quid
224 3518 386 3608 Euripides
412 3519 453 3589 de
478 3521 576 3589 servis
604 3521 734 3590 sentiret
759 3518 849 3590 facile
886 3519 1067 3608 intelligitur
1095 3527 1258 3609 propterea
1285 3504 1368 3608 quod
1398 3515 1495 3586 multo
1515 3515 1586 3606 plu·

58 3641 149 3712 ribus
177 3659 341 3709 serrorum
371 3642 513 3729 personis
540 3662 615 3709 usns
642 3649 690 3710 est
717 3659 812 3729 quom
839 3638 890 3708 alii
920 3639 1150 3726 tragoediarum
1176 3639 1357 3728 scriptores.
1387 3635 1424 3706 Et
1453 3638 1520 3727 ipse
1545 3637 1590 3706 ait

58 3780 190 3832 omnem
209 3779 373 3830 servorum
400 3779 471 3830 cnm
500 3758 606 3829 liberis
634 3761 788 3829 rationem
807 3760 837 3826 vi
862 3759 1032 3841 contineri3
1052 3777 1071 3827 a
1088 3758 1187 3827 servis
1211 3765 1398 3848 perpetuom
1419 3756 1449 3825 in
1469 3754 1589 3827 liberos

58 3879 314 3966 coniurationem
341 3880 471 3950 conflari
500 3881 589 3948 acsi
617 3880 688 3968 quis
715 3879 755 3946 sit
782 3879 835 3967 qui
864 3877 1008 3947 dominos
1041 3877 1164 3965 diligat,
1199 3874 1317 3946 bellurn
1353 3896 1428 3946 curn
1454 3873 1585 3966 peribus

57 4000 222 4089 suscipere
245 3996 286 4091 fr.
318 4001 375 4072 51.
406 3997 588 4088 improbum
616 3998 754 4088 appellat
781 4016 948 4067 servorum
976 4016 1086 4086 genos,
1114 3997 1219 4067 ventri
1246 3995 1387 4066 deditum
1412 4003 1507 4086 atqrm
1526 3996 1586 4063 irn-

57 4119 232 4213 providum
257 4117 301 4213 fr.
330 4120 396 4202 50;
423 4137 585 4189 servornm
614 4114 731 4187 liberos
759 4119 988 4186 incontinentes
1015 4125 1046 4185 et
1071 4126 1276 4186 contumaces
1302 4113 1343 4205 sr.
1372 4115 1465 4196 9663
1484 4117 1584 4185 servis

95 4449 129 4515 111
147 4449 276 4522 Xenopb.
303 4453 366 4507 inat.
387 4453 447 4520 (lyr.
468 4453 494 4520 t,
513 4453 537 4522 5,
553 4452 595 4508 73.

94 4536 128 4604 111
149 4534 283 4592 Philostr.
314 4538 361 4592 Vit.
390 4539 513 4606 epotton.
546 4539 627 4604 lisca.
654 4537 679 4608 8,
698 4537 723 4604 t,
743 4537 792 4594 cir.
817 4537 938 4594 Placete
969 4552 1023 4606 rep.
1053 4538 1079 4606 V,
1106 4555 1135 4607 p.
1160 4536 1219 4592 169.
1255 4534 1346 4599 llolst,
1366 4537 1506 4591 coerano
1525 4539 1588 4588 vett.

28 4617 40 4631 ⁸
58 4623 234 4690 Graecorum,
247 4623 392 4690 tepebat.
410 4621 598 4681 1831,11εοοο1,
617 4623 642 4692 5,
662 4623 713 4688 tt,·
735 4621 854 4695 Thucyd
875 4623 899 4689 1,
918 4621 963 4690 lt,
983 4621 1128 4678 Demosth.
1154 4621 1214 4676 cdo.
1237 4623 1303 4690 lept.
1323 4621 1371 4687 423
1391 4618 1464 4676 l‘lut.
1481 4619 1587 4675 111119.

93 4707 129 4777 (dl
147 4706 209 4761 lam
229 4706 369 4764 Homerus
387 4706 499 4762 dixerat
517 4707 612 4763 lovem
634 4706 789 4763 dimidium
807 4706 922 4763 uirtutis
941 4707 1056 4762 aulerre
1076 4705 1200 4775 homini,
1217 4723 1304 4778 quem
1318 4704 1452 4762 libertate
1465 4704 1588 4776 privaret

59 4793 108 4848 Ort.
121 4813 145 4862 p,
164 4790 321 4848 322.ll'emo
338 4799 436 4850 autern
455 4791 607 4848 dubitabat
624 4791 697 4865 quin
710 4792 805 4849 omnis
818 4792 933 4850 virtutis
951 4798 1084 4863 expertes
1103 4797 1202 4848 essent
1219 4791 1268 4864 qui
1288 4805 1440 4862 nunquam
1455 4789 1588 4847 libertate

59 4879 105 4934 usi
125 4875 261 4933 fuissent.

91 4963 126 5028 111
147 4961 178 5018 V.
205 4961 376 5034 Antiphont.
395 4964 429 5017 lle
446 4966 523 5018 coede
539 4964 635 5018 Herod.
655 4963 711 5024 18.,

95 5047 876 5120 1511111.1111ε11.ρ.265,11111ε1111ο1111101εεετευε
906 5047 1073 5104 verberibus
1099 5047 1218 5104 multari
1250 5063 1309 5104 non
1340 5046 1458 5116 licebat;
1478 5045 1503 5102 si
1522 5045 1588 5117 quis

58 5133 223 5206 vapulasset
240 5131 425 5191 liberabatur.
444 5135 531 5190 Probi.
549 5135 617 5190 rhet.
645 5134 686 5189 59.
1598 5183 1601 5192 .

94 5220 128 5286 161
147 5219 226 5279 Ρ1ο1.,
242 5220 337 5274 Phorci.
360 5237 389 5290 p.
418 5219 451 5276 69
471 5221 504 5290 ll,
524 5222 596 5290 legg.
625 5221 659 5274 VI
679 5237 709 5291 p.
729 5218 854 5275 tto-tlt.
880 5221 941 5276 Non
967 5219 1077 5291 placuit
1096 5220 1183 5291 igitur
1202 5219 1313 5276 Platoni
1333 5233 1429 5276 seruos
1448 5217 1483 5272 ab
1502 5217 1587 5274 Athe·

57 5304 213 5366 niensihus
229 5304 350 5362 liberius
369 5305 520 5362 aemilius
537 5304 644 5361 heberi.
660 5303 713 5360 dir.
733 5304 862 5376 Xenoph.
882 5307 942 5375 llcp.
951 5307 1044 5361 Athen.
1059 5307 1083 5378 1,
1098 5307 1138 5376 10;
1152 5303 1299 5362 Demosth.
1320 5305 1390 5362 Phil,
1407 5305 1433 5373 3,
1450 5302 1589 5360 econtra

56 5390 225 5450 Aristoteles
244 5391 278 5446 ad
296 5407 330 5448 ea
355 5391 480 5448 Platonis
505 5391 590 5447 uerba
608 5393 642 5442 διό
660 5389 756 5462 inquil
781 5394 884 5455 λέγουσιν
903 5393 929 5442 οὐ
947 5395 1023 5450 καλῶς
1042 5396 1063 5443 οἱ
1079 5395 1146 5456 λόγου
1164 5396 1217 5449 τοὺς
1235 5393 1331 5448 δούλους
1350 5394 1530 5458 ἀποστεροῦντος
1548 5397 1587 5442 και

56 5486 179 5548 potamum
197 5479 298 5538 ἐπιτάξει
317 5483 417 5548 χρῆσθαι
434 5482 519 5542 μόνον·
540 5483 688 5537 νουθετητέον
705 5483 750 5545 γὰρ
768 5470 862 5540 μᾶλλον
881 5485 934 5538 τοὺς
954 5479 1050 5554 δούλους
1068 5480 1082 5536 ἦ
1100 5483 1154 5535 τοὺς
1172 5479 1258 5535 παῖδας
1276 5477 1353 5534 Polli.
1374 5475 1398 5548 1,
1418 5475 1442 5532 5.
