<?xml version="1.0" encoding="UTF-8"?>
<!DOCTYPE html PUBLIC "-//W3C//DTD XHTML 1.0 Transitional//EN"
    "http://www.w3.org/TR/xhtml1/DTD/xhtml1-transitional.dtd">
<html xmlns="http://www.w3.org/1999/xhtml" xml:lang="en" lang="en">
 <head>
  <title>
</title>
<meta http-equiv="Content-Type" content="text/html;charset=utf-8" />
  <meta name='ocr-system' content='tesseract 3.04.00' />
  <meta name='ocr-capabilities' content='ocr_page ocr_carea ocr_par ocr_line ocrx_word'/>
</head>
<body>
  <div class='ocr_page' id='page_1' title='image "./euripidesderebu00zambgoog_0039.png"; bbox 0 0 4010 6172; ppageno 0'>
   <div class='ocr_carea' id='block_1_1' title="bbox 1059 355 1256 421">
    <p class='ocr_par' dir='ltr' id='par_1_1' title="bbox 1059 355 1256 421">
     <span class='ocr_line' id='line_1_1' title="bbox 1059 355 1256 421; baseline -0.01 -18"><span class='ocrx_word' id='word_1_1' title='bbox 1059 355 1256 421; x_wconf 68' lang='lat'>..32-</span> 
     </span>
    </p>
   </div>
   <div class='ocr_carea' id='block_1_2' title="bbox 394 501 1981 3223">
    <p class='ocr_par' dir='ltr' id='par_1_2' title="bbox 397 501 1916 719">
     <span class='ocr_line' id='line_1_2' title="bbox 399 501 1916 596; baseline 0.003 -28"><span class='ocrx_word' id='word_1_2' title='bbox 399 520 457 568; x_wconf 92' lang='lat' dir='ltr'>non</span> <span class='ocrx_word' id='word_1_3' title='bbox 487 501 562 568; x_wconf 88' lang='lat' dir='ltr'>satis</span> <span class='ocrx_word' id='word_1_4' title='bbox 589 512 661 569; x_wconf 87' lang='lat' dir='ltr'>sunt</span> <span class='ocrx_word' id='word_1_5' title='bbox 687 503 725 570; x_wconf 88' lang='lat' dir='ltr'>nd</span> <span class='ocrx_word' id='word_1_6' title='bbox 754 505 905 574; x_wconf 81' lang='lat' dir='ltr'>arcendas</span> <span class='ocrx_word' id='word_1_7' title='bbox 934 508 1179 595; x_wconf 88' lang='lat' dir='ltr'>vituperationes</span> <span class='ocrx_word' id='word_1_8' title='bbox 1199 529 1236 577; x_wconf 92' lang='lat' dir='ltr'>ac</span> <span class='ocrx_word' id='word_1_9' title='bbox 1257 509 1424 592; x_wconf 75' lang='lat' dir='ltr'>molestias,</span> <span class='ocrx_word' id='word_1_10' title='bbox 1444 509 1512 578; x_wconf 85' lang='lat' dir='ltr'>lon‘.</span> <span class='ocrx_word' id='word_1_11' title='bbox 1533 509 1617 588; x_wconf 68' lang='lat' dir='ltr'>cun</span> <span class='ocrx_word' id='word_1_12' title='bbox 1637 509 1741 596; x_wconf 92' lang='lat' dir='ltr'>itaque</span> <span class='ocrx_word' id='word_1_13' title='bbox 1760 507 1916 594; x_wconf 86' lang='lat' dir='ltr'>sapientes</span> 
     </span>
     <span class='ocr_line' id='line_1_3' title="bbox 397 619 1511 719; baseline 0.007 -31"><span class='ocrx_word' id='word_1_14' title='bbox 397 628 427 688; x_wconf 89' lang='lat' dir='ltr'>et</span> <span class='ocrx_word' id='word_1_15' title='bbox 455 619 625 708; x_wconf 73' lang='lat' dir='ltr'>incorrupti</span> <span class='ocrx_word' id='word_1_16' title='bbox 654 624 750 690; x_wconf 90' lang='lat' dir='ltr'>animi</span> <span class='ocrx_word' id='word_1_17' title='bbox 778 644 873 711; x_wconf 88' lang='lat' dir='ltr'>regno</span> <span class='ocrx_word' id='word_1_18' title='bbox 902 627 1030 696; x_wconf 92' lang='lat' dir='ltr'>minime</span> <span class='ocrx_word' id='word_1_19' title='bbox 1057 628 1251 697; x_wconf 89' lang='lat' dir='ltr'>delectantur</span> <span class='ocrx_word' id='word_1_20' title='bbox 1278 627 1371 719; x_wconf 86' lang='lat' dir='ltr'>Hr&#39;pp.</span> <span class='ocrx_word' id='word_1_21' title='bbox 1405 629 1511 698; x_wconf 76' lang='grc'><strong>1012.</strong></span> 
     </span>
    </p>

    <p class='ocr_par' dir='ltr' id='par_1_3' title="bbox 394 737 1981 2270">
     <span class='ocr_line' id='line_1_4' title="bbox 447 737 1914 837; baseline -0.001 -29"><span class='ocrx_word' id='word_1_22' title='bbox 447 737 574 827; x_wconf 73' lang='lat' dir='ltr'>Antiqui</span> <span class='ocrx_word' id='word_1_23' title='bbox 603 739 857 831; x_wconf 90' lang='lat' dir='ltr'>principatuset</span> <span class='ocrx_word' id='word_1_24' title='bbox 885 765 993 831; x_wconf 86' lang='lat' dir='ltr'>regum</span> <span class='ocrx_word' id='word_1_25' title='bbox 1023 747 1200 816; x_wconf 75' lang='lat' dir='ltr'>homericae</span> <span class='ocrx_word' id='word_1_26' title='bbox 1221 749 1333 816; x_wconf 86' lang='lat' dir='ltr'>aetatis</span> <span class='ocrx_word' id='word_1_27' title='bbox 1362 768 1425 815; x_wconf 92' lang='lat' dir='ltr'>rem</span> <span class='ocrx_word' id='word_1_28' title='bbox 1455 744 1612 837; x_wconf 82' lang='lat' dir='ltr'>publicam</span> <span class='ocrx_word' id='word_1_29' title='bbox 1636 745 1811 834; x_wconf 90' lang='lat' dir='ltr'>primorum</span> <span class='ocrx_word' id='word_1_30' title='bbox 1840 759 1914 807; x_wconf 93' lang='lat' dir='ltr'>con-</span> 
     </span>
     <span class='ocr_line' id='line_1_5' title="bbox 396 854 1915 955; baseline 0 -30"><span class='ocrx_word' id='word_1_31' title='bbox 396 854 467 927; x_wconf 90' lang='lat' dir='ltr'>silio</span> <span class='ocrx_word' id='word_1_32' title='bbox 494 859 781 930; x_wconf 74' lang='lat' dir='ltr'>administrantium</span> <span class='ocrx_word' id='word_1_33' title='bbox 810 864 927 932; x_wconf 88' lang='lat' dir='ltr'>trustra</span> <span class='ocrx_word' id='word_1_34' title='bbox 946 868 1078 952; x_wconf 87' lang='lat' dir='ltr'>vestigia</span> <span class='ocrx_word' id='word_1_35' title='bbox 1105 886 1240 954; x_wconf 87' lang='lat' dir='ltr'>quaeras</span> <span class='ocrx_word' id='word_1_36' title='bbox 1267 866 1350 955; x_wconf 90' lang='lat' dir='ltr'>apud</span> <span class='ocrx_word' id='word_1_37' title='bbox 1379 866 1571 954; x_wconf 87' lang='lat' dir='ltr'>Euripidem,</span> <span class='ocrx_word' id='word_1_38' title='bbox 1599 886 1618 932; x_wconf 89' lang='lat' dir='ltr'>a</span> <span class='ocrx_word' id='word_1_39' title='bbox 1645 883 1706 952; x_wconf 93' lang='lat' dir='ltr'>quo</span> <span class='ocrx_word' id='word_1_40' title='bbox 1735 870 1790 929; x_wconf 92' lang='lat' dir='ltr'>aut</span> <span class='ocrx_word' id='word_1_41' title='bbox 1819 869 1915 948; x_wconf 88' lang='lat' dir='ltr'>poste-</span> 
     </span>
     <span class='ocr_line' id='line_1_6' title="bbox 398 979 1912 1075; baseline -0.001 -29"><span class='ocrx_word' id='word_1_42' title='bbox 398 981 515 1046; x_wconf 91' lang='lat' dir='ltr'>riorum</span> <span class='ocrx_word' id='word_1_43' title='bbox 538 990 740 1070; x_wconf 80' lang='lat' dir='ltr'>tyrannorum</span> <span class='ocrx_word' id='word_1_44' title='bbox 760 983 879 1053; x_wconf 91' lang='lat' dir='ltr'>similes</span> <span class='ocrx_word' id='word_1_45' title='bbox 898 992 952 1051; x_wconf 90' lang='lat' dir='ltr'>aut</span> <span class='ocrx_word' id='word_1_46' title='bbox 970 986 1133 1073; x_wconf 76' lang='lat' dir='ltr'>principes</span> <span class='ocrx_word' id='word_1_47' title='bbox 1152 985 1270 1055; x_wconf 88' lang='lat' dir='ltr'>liberae</span> <span class='ocrx_word' id='word_1_48' title='bbox 1289 986 1512 1075; x_wconf 85' lang='lat' dir='ltr'>popularisque</span> <span class='ocrx_word' id='word_1_49' title='bbox 1531 985 1667 1052; x_wconf 83' lang='lat' dir='ltr'>civitatis</span> <span class='ocrx_word' id='word_1_50' title='bbox 1681 979 1912 1052; x_wconf 86' lang='lat' dir='ltr'>describuntur.</span> 
     </span>
     <span class='ocr_line' id='line_1_7' title="bbox 398 1099 1914 1193; baseline 0 -27"><span class='ocrx_word' id='word_1_51' title='bbox 398 1099 507 1189; x_wconf 88' lang='lat' dir='ltr'>ltaque</span> <span class='ocrx_word' id='word_1_52' title='bbox 536 1121 596 1168; x_wconf 91' lang='lat' dir='ltr'>non</span> <span class='ocrx_word' id='word_1_53' title='bbox 625 1100 692 1169; x_wconf 91' lang='lat' dir='ltr'>vult</span> <span class='ocrx_word' id='word_1_54' title='bbox 724 1112 891 1192; x_wconf 87' lang='lat' dir='ltr'>tyrannum</span> <span class='ocrx_word' id='word_1_55' title='bbox 929 1125 997 1172; x_wconf 89' lang='lat' dir='ltr'>esse</span> <span class='ocrx_word' id='word_1_56' title='bbox 1033 1105 1101 1173; x_wconf 93' lang='lat' dir='ltr'>sine</span> <span class='ocrx_word' id='word_1_57' title='bbox 1136 1103 1267 1191; x_wconf 87' lang='lat' dir='ltr'>legibus,</span> <span class='ocrx_word' id='word_1_58' title='bbox 1304 1126 1398 1193; x_wconf 91' lang='lat' dir='ltr'>quum</span> <span class='ocrx_word' id='word_1_59' title='bbox 1435 1106 1601 1174; x_wconf 91' lang='lat' dir='ltr'>stultorum</span> <span class='ocrx_word' id='word_1_60' title='bbox 1637 1105 1678 1172; x_wconf 91' lang='lat' dir='ltr'>sit</span> <span class='ocrx_word' id='word_1_61' title='bbox 1712 1105 1793 1170; x_wconf 90' lang='lat' dir='ltr'>iuter</span> <span class='ocrx_word' id='word_1_62' title='bbox 1825 1121 1914 1189; x_wconf 89' lang='lat' dir='ltr'>pares</span> 
     </span>
     <span class='ocr_line' id='line_1_8' title="bbox 397 1219 1914 1314; baseline -0.001 -28"><span class='ocrx_word' id='word_1_63' title='bbox 397 1219 547 1286; x_wconf 85' lang='lat' dir='ltr'>&lt;luminari</span> <span class='ocrx_word' id='word_1_64' title='bbox 576 1219 656 1288; x_wconf 87' lang='lat' dir='ltr'>velle</span> <span class='ocrx_word' id='word_1_65' title='bbox 681 1221 723 1313; x_wconf 82' lang='lat' dir='ltr'>fr.</span> <span class='ocrx_word' id='word_1_66' title='bbox 754 1223 837 1295; x_wconf 60' lang='lat' dir='ltr'>lili.</span> <span class='ocrx_word' id='word_1_67' title='bbox 867 1221 936 1292; x_wconf 89' lang='lat' dir='ltr'>llac</span> <span class='ocrx_word' id='word_1_68' title='bbox 965 1226 994 1291; x_wconf 91' lang='lat' dir='ltr'>iu</span> <span class='ocrx_word' id='word_1_69' title='bbox 1024 1245 1056 1292; x_wconf 92' lang='lat' dir='ltr'>re</span> <span class='ocrx_word' id='word_1_70' title='bbox 1084 1223 1277 1294; x_wconf 83' lang='lat' dir='ltr'>Graecorum</span> <span class='ocrx_word' id='word_1_71' title='bbox 1311 1226 1502 1314; x_wconf 87' lang='lat' dir='ltr'>principatus</span> <span class='ocrx_word' id='word_1_72' title='bbox 1530 1245 1548 1291; x_wconf 88' lang='lat' dir='ltr'>a</span> <span class='ocrx_word' id='word_1_73' title='bbox 1576 1224 1678 1310; x_wconf 90' lang='lat' dir='ltr'>regnis</span> <span class='ocrx_word' id='word_1_74' title='bbox 1708 1220 1914 1290; x_wconf 88' lang='lat' dir='ltr'>barbarorum</span> 
     </span>
     <span class='ocr_line' id='line_1_9' title="bbox 396 1331 1981 1432; baseline -0.001 -26"><span class='ocrx_word' id='word_1_75' title='bbox 396 1338 558 1407; x_wconf 84' lang='lat' dir='ltr'>dillorunt:</span> <span class='ocrx_word' id='word_1_76' title='bbox 592 1339 636 1407; x_wconf 90' lang='lat' dir='ltr'>illi</span> <span class='ocrx_word' id='word_1_77' title='bbox 665 1343 748 1409; x_wconf 91' lang='lat' dir='ltr'>enim</span> <span class='ocrx_word' id='word_1_78' title='bbox 777 1341 908 1430; x_wconf 83' lang='lat' dir='ltr'>legibus,</span> <span class='ocrx_word' id='word_1_79' title='bbox 937 1345 1105 1430; x_wconf 84' lang='lat' dir='ltr'>aequitate,</span> <span class='ocrx_word' id='word_1_80' title='bbox 1134 1345 1239 1432; x_wconf 93' lang='lat' dir='ltr'>populi</span> <span class='ocrx_word' id='word_1_81' title='bbox 1266 1345 1382 1426; x_wconf 81' lang='lat' dir='ltr'>farore,</span> <span class='ocrx_word' id='word_1_82' title='bbox 1401 1346 1479 1412; x_wconf 88' lang='lat' dir='ltr'>haec</span> <span class='ocrx_word' id='word_1_83' title='bbox 1508 1345 1534 1410; x_wconf 90' lang='lat' dir='ltr'>ri</span> <span class='ocrx_word' id='word_1_84' title='bbox 1561 1331 1656 1431; x_wconf 79' lang='lat' dir='ltr'>&#39;atque</span> <span class='ocrx_word' id='word_1_85' title='bbox 1684 1340 1813 1410; x_wconf 89' lang='lat' dir='ltr'>arbitrio</span> <span class='ocrx_word' id='word_1_86' title='bbox 1842 1359 1915 1406; x_wconf 93' lang='lat' dir='ltr'>con·</span> <span class='ocrx_word' id='word_1_87' title='bbox 1980 1405 1981 1416; x_wconf 63' lang='lat'>,</span> 
     </span>
     <span class='ocr_line' id='line_1_10' title="bbox 397 1457 1913 1552; baseline -0.001 -27"><span class='ocrx_word' id='word_1_88' title='bbox 397 1457 532 1526; x_wconf 89' lang='lat' dir='ltr'>tinentur</span> <span class='ocrx_word' id='word_1_89' title='bbox 560 1457 634 1531; x_wconf 83' lang='lat' dir='ltr'>Her.</span> <span class='ocrx_word' id='word_1_90' title='bbox 662 1461 741 1542; x_wconf 74' lang='lat' dir='ltr'>tua,</span> <span class='ocrx_word' id='word_1_91' title='bbox 766 1459 806 1552; x_wconf 68' lang='lat' dir='ltr'>fr.</span> <span class='ocrx_word' id='word_1_92' title='bbox 831 1465 911 1530; x_wconf 84' lang='lat' dir='ltr'>trt.</span> <span class='ocrx_word' id='word_1_93' title='bbox 941 1459 991 1530; x_wconf 84' lang='lat' dir='ltr'>hit</span> <span class='ocrx_word' id='word_1_94' title='bbox 1014 1472 1177 1551; x_wconf 85' lang='lat' dir='ltr'>praeterea</span> <span class='ocrx_word' id='word_1_95' title='bbox 1196 1464 1316 1531; x_wconf 90' lang='lat' dir='ltr'>honesti</span> <span class='ocrx_word' id='word_1_96' title='bbox 1338 1465 1392 1531; x_wconf 86' lang='lat' dir='ltr'>riri</span> <span class='ocrx_word' id='word_1_97' title='bbox 1422 1475 1453 1530; x_wconf 93' lang='lat' dir='ltr'>et</span> <span class='ocrx_word' id='word_1_98' title='bbox 1479 1463 1725 1531; x_wconf 92' lang='lat' dir='ltr'>dominationem</span> <span class='ocrx_word' id='word_1_99' title='bbox 1754 1461 1913 1528; x_wconf 85' lang='lat' dir='ltr'>honestam</span> 
     </span>
     <span class='ocr_line' id='line_1_11' title="bbox 395 1577 1914 1671; baseline 0.002 -27"><span class='ocrx_word' id='word_1_100' title='bbox 395 1589 463 1645; x_wconf 89' lang='lat' dir='ltr'>esse</span> <span class='ocrx_word' id='word_1_101' title='bbox 486 1577 527 1670; x_wconf 79' lang='lat' dir='ltr'>fr.</span> <span class='ocrx_word' id='word_1_102' title='bbox 558 1581 590 1661; x_wconf 88' lang='grc'>8,</span> <span class='ocrx_word' id='word_1_103' title='bbox 618 1588 711 1668; x_wconf 89' lang='lat' dir='ltr'>atque</span> <span class='ocrx_word' id='word_1_104' title='bbox 741 1584 771 1649; x_wconf 91' lang='lat' dir='ltr'>iu</span> <span class='ocrx_word' id='word_1_105' title='bbox 800 1592 929 1671; x_wconf 84' lang='lat' dir='ltr'>tyranno</span> <span class='ocrx_word' id='word_1_106' title='bbox 958 1592 1080 1670; x_wconf 90' lang='lat' dir='ltr'>praeter</span> <span class='ocrx_word' id='word_1_107' title='bbox 1109 1582 1373 1651; x_wconf 88' lang='lat' dir='ltr'>immortalitatem</span> <span class='ocrx_word' id='word_1_108' title='bbox 1402 1583 1508 1650; x_wconf 92' lang='lat' dir='ltr'>omnia</span> <span class='ocrx_word' id='word_1_109' title='bbox 1534 1600 1605 1650; x_wconf 89' lang='lat' dir='ltr'>esse</span> <span class='ocrx_word' id='word_1_110' title='bbox 1632 1582 1742 1649; x_wconf 84' lang='lat' dir='ltr'>(lirina</span> <span class='ocrx_word' id='word_1_111' title='bbox 1760 1578 1803 1670; x_wconf 76' lang='lat' dir='ltr'>fr.</span> <span class='ocrx_word' id='word_1_112' title='bbox 1834 1581 1914 1650; x_wconf 69' lang='lat'>252.</span> 
     </span>
     <span class='ocr_line' id='line_1_12' title="bbox 395 1696 1913 1792; baseline 0 -29"><span class='ocrx_word' id='word_1_113' title='bbox 395 1696 586 1786; x_wconf 87' lang='lat' dir='ltr'>eranquam</span> <span class='ocrx_word' id='word_1_114' title='bbox 617 1699 827 1789; x_wconf 89' lang='lat' dir='ltr'>importunum</span> <span class='ocrx_word' id='word_1_115' title='bbox 856 1713 903 1769; x_wconf 91' lang='lat' dir='ltr'>est</span> <span class='ocrx_word' id='word_1_116' title='bbox 931 1703 960 1769; x_wconf 92' lang='lat' dir='ltr'>in</span> <span class='ocrx_word' id='word_1_117' title='bbox 990 1722 1182 1792; x_wconf 85' lang='lat' dir='ltr'>unaquaque</span> <span class='ocrx_word' id='word_1_118' title='bbox 1211 1723 1286 1770; x_wconf 90' lang='lat' dir='ltr'>roco</span> <span class='ocrx_word' id='word_1_119' title='bbox 1316 1712 1452 1771; x_wconf 88' lang='lat' dir='ltr'>nrentern</span> <span class='ocrx_word' id='word_1_120' title='bbox 1488 1711 1598 1790; x_wconf 90' lang='lat' dir='ltr'>poetae</span> <span class='ocrx_word' id='word_1_121' title='bbox 1625 1719 1790 1788; x_wconf 84' lang='lat' dir='ltr'>quaerere,</span> <span class='ocrx_word' id='word_1_122' title='bbox 1833 1699 1913 1786; x_wconf 89' lang='lat' dir='ltr'>quod</span> 
     </span>
     <span class='ocr_line' id='line_1_13' title="bbox 396 1805 1981 1910; baseline 0.002 -27"><span class='ocrx_word' id='word_1_123' title='bbox 396 1817 492 1885; x_wconf 88' lang='lat' dir='ltr'>multa</span> <span class='ocrx_word' id='word_1_124' title='bbox 521 1840 557 1886; x_wconf 87' lang='lat' dir='ltr'>err</span> <span class='ocrx_word' id='word_1_125' title='bbox 586 1816 763 1888; x_wconf 77' lang='lat' dir='ltr'>tribularum</span> <span class='ocrx_word' id='word_1_126' title='bbox 785 1824 927 1910; x_wconf 87' lang='lat' dir='ltr'>personis</span> <span class='ocrx_word' id='word_1_127' title='bbox 955 1831 986 1890; x_wconf 89' lang='lat' dir='ltr'>et</span> <span class='ocrx_word' id='word_1_128' title='bbox 1012 1823 1176 1890; x_wconf 85' lang='lat' dir='ltr'>allectihus</span> <span class='ocrx_word' id='word_1_129' title='bbox 1196 1831 1332 1891; x_wconf 88' lang='lat' dir='ltr'>manant.</span> <span class='ocrx_word' id='word_1_130' title='bbox 1362 1821 1453 1906; x_wconf 80' lang='lat' dir='ltr'>Quud</span> <span class='ocrx_word' id='word_1_131' title='bbox 1483 1823 1508 1889; x_wconf 95' lang='lat' dir='ltr'>si</span> <span class='ocrx_word' id='word_1_132' title='bbox 1538 1824 1606 1889; x_wconf 92' lang='lat' dir='ltr'>eius</span> <span class='ocrx_word' id='word_1_133' title='bbox 1633 1821 1800 1900; x_wconf 89' lang='lat' dir='ltr'>sermonis,</span> <span class='ocrx_word' id='word_1_134' title='bbox 1821 1839 1911 1908; x_wconf 87' lang='lat' dir='ltr'>quem</span> <span class='ocrx_word' id='word_1_135' title='bbox 1980 1805 1981 1844; x_wconf 63' lang='lat'>¹</span> 
     </span>
     <span class='ocr_line' id='line_1_14' title="bbox 394 1937 1914 2026; baseline 0 -22"><span class='ocrx_word' id='word_1_136' title='bbox 394 1957 491 2024; x_wconf 90' lang='lat' dir='ltr'>snpra</span> <span class='ocrx_word' id='word_1_137' title='bbox 519 1940 773 2022; x_wconf 84' lang='lat' dir='ltr'>memoravimus,</span> <span class='ocrx_word' id='word_1_138' title='bbox 803 1942 883 2010; x_wconf 91' lang='lat' dir='ltr'>iuter</span> <span class='ocrx_word' id='word_1_139' title='bbox 910 1942 1066 2010; x_wconf 88' lang='lat' dir='ltr'>Theseum</span> <span class='ocrx_word' id='word_1_140' title='bbox 1095 1951 1125 2009; x_wconf 94' lang='lat' dir='ltr'>et</span> <span class='ocrx_word' id='word_1_141' title='bbox 1154 1963 1342 2026; x_wconf 78' lang='lat' dir='ltr'>praeconem</span> <span class='ocrx_word' id='word_1_142' title='bbox 1378 1941 1550 2011; x_wconf 88' lang='lat' dir='ltr'>thebanum</span> <span class='ocrx_word' id='word_1_143' title='bbox 1585 1941 1678 2008; x_wconf 91' lang='lat' dir='ltr'>huius</span> <span class='ocrx_word' id='word_1_144' title='bbox 1716 1937 1818 2006; x_wconf 85' lang='lat' dir='ltr'>verbu</span> <span class='ocrx_word' id='word_1_145' title='bbox 1848 1947 1914 2006; x_wconf 90' lang='lat' dir='ltr'>tan-</span> 
     </span>
     <span class='ocr_line' id='line_1_15' title="bbox 397 2057 1915 2151; baseline 0.001 -27"><span class='ocrx_word' id='word_1_146' title='bbox 397 2057 560 2126; x_wconf 88' lang='lat' dir='ltr'>tummudo</span> <span class='ocrx_word' id='word_1_147' title='bbox 595 2068 806 2147; x_wconf 89' lang='lat' dir='ltr'>superessent,</span> <span class='ocrx_word' id='word_1_148' title='bbox 847 2061 1011 2151; x_wconf 83' lang='lat' dir='ltr'>Euripides</span> <span class='ocrx_word' id='word_1_149' title='bbox 1046 2063 1096 2128; x_wconf 92' lang='lat' dir='ltr'>hic</span> <span class='ocrx_word' id='word_1_150' title='bbox 1130 2061 1363 2145; x_wconf 90' lang='lat' dir='ltr'>dominationis,</span> <span class='ocrx_word' id='word_1_151' title='bbox 1399 2060 1471 2128; x_wconf 89' lang='lat' dir='ltr'>alibi</span> <span class='ocrx_word' id='word_1_152' title='bbox 1507 2060 1660 2130; x_wconf 80' lang='lat' dir='ltr'>libertatis</span> <span class='ocrx_word' id='word_1_153' title='bbox 1696 2063 1797 2130; x_wconf 89' lang='lat' dir='ltr'>lautor</span> <span class='ocrx_word' id='word_1_154' title='bbox 1825 2059 1915 2127; x_wconf 88' lang='lat' dir='ltr'>luisse</span> 
     </span>
     <span class='ocr_line' id='line_1_16' title="bbox 394 2178 1914 2270; baseline -0.001 -26"><span class='ocrx_word' id='word_1_155' title='bbox 394 2178 564 2246; x_wconf 89' lang='lat' dir='ltr'>videretur.</span> <span class='ocrx_word' id='word_1_156' title='bbox 594 2178 661 2247; x_wconf 90' lang='lat' dir='ltr'>lloc</span> <span class='ocrx_word' id='word_1_157' title='bbox 689 2189 790 2269; x_wconf 87' lang='lat' dir='ltr'>pacto,</span> <span class='ocrx_word' id='word_1_158' title='bbox 811 2181 917 2260; x_wconf 91' lang='lat' dir='ltr'>credo,</span> <span class='ocrx_word' id='word_1_159' title='bbox 937 2189 967 2249; x_wconf 92' lang='lat' dir='ltr'>et</span> <span class='ocrx_word' id='word_1_160' title='bbox 994 2181 1073 2248; x_wconf 89' lang='lat' dir='ltr'>aliae</span> <span class='ocrx_word' id='word_1_161' title='bbox 1094 2201 1142 2249; x_wconf 86' lang='lat' dir='ltr'>res</span> <span class='ocrx_word' id='word_1_162' title='bbox 1163 2183 1241 2250; x_wconf 89' lang='lat' dir='ltr'>inter</span> <span class='ocrx_word' id='word_1_163' title='bbox 1259 2199 1292 2248; x_wconf 91' lang='lat' dir='ltr'>se</span> <span class='ocrx_word' id='word_1_164' title='bbox 1318 2190 1532 2270; x_wconf 83' lang='lat' dir='ltr'>repugnantes</span> <span class='ocrx_word' id='word_1_165' title='bbox 1560 2181 1812 2269; x_wconf 86' lang='lat' dir='ltr'>interpretandae</span> <span class='ocrx_word' id='word_1_166' title='bbox 1839 2187 1914 2246; x_wconf 89' lang='lat' dir='ltr'>sunt.</span> 
     </span>
    </p>

    <p class='ocr_par' dir='ltr' id='par_1_4' title="bbox 397 2294 1981 3223">
     <span class='ocr_line' id='line_1_17' title="bbox 447 2294 1981 2402; baseline -0.001 -39"><span class='ocrx_word' id='word_1_167' title='bbox 447 2296 488 2363; x_wconf 81' lang='lat' dir='ltr'>Er</span> <span class='ocrx_word' id='word_1_168' title='bbox 515 2294 556 2386; x_wconf 79' lang='lat' dir='ltr'>fr.</span> <span class='ocrx_word' id='word_1_169' title='bbox 586 2297 668 2380; x_wconf 73' lang='lat'>277,</span> <span class='ocrx_word' id='word_1_170' title='bbox 696 2319 790 2390; x_wconf 88' lang='lat' dir='ltr'>quern</span> <span class='ocrx_word' id='word_1_171' title='bbox 819 2319 916 2387; x_wconf 89' lang='lat' dir='ltr'>supra</span> <span class='ocrx_word' id='word_1_172' title='bbox 941 2299 1112 2381; x_wconf 85' lang='lat' dir='ltr'>attulimus,</span> <span class='ocrx_word' id='word_1_173' title='bbox 1140 2301 1215 2368; x_wconf 88' lang='lat' dir='ltr'>satis</span> <span class='ocrx_word' id='word_1_174' title='bbox 1244 2298 1436 2368; x_wconf 90' lang='lat' dir='ltr'>intellectum</span> <span class='ocrx_word' id='word_1_175' title='bbox 1466 2311 1512 2368; x_wconf 91' lang='lat' dir='ltr'>est</span> <span class='ocrx_word' id='word_1_176' title='bbox 1542 2299 1723 2387; x_wconf 87' lang='lat' dir='ltr'>Euripidem</span> <span class='ocrx_word' id='word_1_177' title='bbox 1745 2319 1805 2367; x_wconf 93' lang='lat' dir='ltr'>non</span> <span class='ocrx_word' id='word_1_178' title='bbox 1827 2297 1915 2364; x_wconf 91' lang='lat' dir='ltr'>modu</span> <span class='ocrx_word' id='word_1_179' title='bbox 1980 2379 1981 2402; x_wconf 84' lang='lat'>,</span> 
     </span>
     <span class='ocr_line' id='line_1_18' title="bbox 397 2411 1981 2514; baseline 0.001 -32"><span class='ocrx_word' id='word_1_180' title='bbox 397 2419 488 2484; x_wconf 86' lang='lat' dir='ltr'>unius</span> <span class='ocrx_word' id='word_1_181' title='bbox 524 2411 739 2498; x_wconf 86' lang='lat' dir='ltr'>dominationi,</span> <span class='ocrx_word' id='word_1_182' title='bbox 769 2438 877 2486; x_wconf 88' lang='lat' dir='ltr'>rerum</span> <span class='ocrx_word' id='word_1_183' title='bbox 914 2419 1009 2487; x_wconf 91' lang='lat' dir='ltr'>etiam</span> <span class='ocrx_word' id='word_1_184' title='bbox 1045 2439 1216 2506; x_wconf 92' lang='lat' dir='ltr'>paucorum</span> <span class='ocrx_word' id='word_1_185' title='bbox 1246 2417 1461 2508; x_wconf 83' lang='lat' dir='ltr'>nobiliumque</span> <span class='ocrx_word' id='word_1_186' title='bbox 1497 2419 1697 2487; x_wconf 90' lang='lat' dir='ltr'>adversatum</span> <span class='ocrx_word' id='word_1_187' title='bbox 1727 2420 1836 2486; x_wconf 86' lang='lat' dir='ltr'>luisse.</span> <span class='ocrx_word' id='word_1_188' title='bbox 1864 2415 1914 2484; x_wconf 84' lang='lat' dir='ltr'>Ce-</span> <span class='ocrx_word' id='word_1_189' title='bbox 1980 2503 1981 2514; x_wconf 9' lang='grc' dir='ltr'>ἵ</span> 
     </span>
     <span class='ocr_line' id='line_1_19' title="bbox 397 2534 1914 2627; baseline -0.001 -24"><span class='ocrx_word' id='word_1_190' title='bbox 397 2545 470 2622; x_wconf 91' lang='lat' dir='ltr'>tera,</span> <span class='ocrx_word' id='word_1_191' title='bbox 497 2559 578 2626; x_wconf 90' lang='lat' dir='ltr'>quae</span> <span class='ocrx_word' id='word_1_192' title='bbox 605 2547 677 2606; x_wconf 94' lang='lat' dir='ltr'>sunt</span> <span class='ocrx_word' id='word_1_193' title='bbox 704 2538 742 2605; x_wconf 90' lang='lat' dir='ltr'>de</span> <span class='ocrx_word' id='word_1_194' title='bbox 773 2537 944 2616; x_wconf 90' lang='lat' dir='ltr'>nobilitate,</span> <span class='ocrx_word' id='word_1_195' title='bbox 964 2540 1064 2625; x_wconf 90' lang='lat' dir='ltr'>potius</span> <span class='ocrx_word' id='word_1_196' title='bbox 1082 2538 1120 2606; x_wconf 92' lang='lat' dir='ltr'>ad</span> <span class='ocrx_word' id='word_1_197' title='bbox 1140 2538 1280 2625; x_wconf 89' lang='lat' dir='ltr'>singulos</span> <span class='ocrx_word' id='word_1_198' title='bbox 1309 2539 1451 2606; x_wconf 89' lang='lat' dir='ltr'>homiues</span> <span class='ocrx_word' id='word_1_199' title='bbox 1471 2559 1566 2627; x_wconf 88' lang='lat' dir='ltr'>quarn</span> <span class='ocrx_word' id='word_1_200' title='bbox 1594 2537 1632 2607; x_wconf 87' lang='lat' dir='ltr'>ad</span> <span class='ocrx_word' id='word_1_201' title='bbox 1662 2559 1727 2604; x_wconf 91' lang='lat' dir='ltr'>rem</span> <span class='ocrx_word' id='word_1_202' title='bbox 1757 2534 1914 2626; x_wconf 92' lang='lat' dir='ltr'>publicam</span> 
     </span>
     <span class='ocr_line' id='line_1_20' title="bbox 405 2655 1913 2760; baseline 0 -38"><span class='ocrx_word' id='word_1_203' title='bbox 405 2659 567 2760; x_wconf 81' lang='lat' dir='ltr'>pertinent.</span> <span class='ocrx_word' id='word_1_204' title='bbox 595 2657 660 2726; x_wconf 91' lang='lat' dir='ltr'>Nee</span> <span class='ocrx_word' id='word_1_205' title='bbox 690 2677 791 2744; x_wconf 89' lang='lat' dir='ltr'>pauca</span> <span class='ocrx_word' id='word_1_206' title='bbox 816 2666 945 2737; x_wconf 77' lang='lat' dir='ltr'>exstant,</span> <span class='ocrx_word' id='word_1_207' title='bbox 985 2656 1038 2724; x_wconf 94' lang='lat' dir='ltr'>ubi</span> <span class='ocrx_word' id='word_1_208' title='bbox 1079 2658 1204 2742; x_wconf 91' lang='lat' dir='ltr'>generis</span> <span class='ocrx_word' id='word_1_209' title='bbox 1241 2655 1437 2724; x_wconf 91' lang='lat' dir='ltr'>nobilitatem</span> <span class='ocrx_word' id='word_1_210' title='bbox 1478 2667 1508 2724; x_wconf 92' lang='lat' dir='ltr'>et</span> <span class='ocrx_word' id='word_1_211' title='bbox 1548 2657 1786 2745; x_wconf 90' lang='lat' dir='ltr'>amplitudinem</span> <span class='ocrx_word' id='word_1_212' title='bbox 1822 2675 1913 2744; x_wconf 92' lang='lat' dir='ltr'>prae-</span> 
     </span>
     <span class='ocr_line' id='line_1_21' title="bbox 402 2775 1915 2864; baseline -0.001 -20"><span class='ocrx_word' id='word_1_213' title='bbox 402 2778 494 2863; x_wconf 91' lang='lat' dir='ltr'>cipuo</span> <span class='ocrx_word' id='word_1_214' title='bbox 523 2777 642 2844; x_wconf 91' lang='lat' dir='ltr'>honore</span> <span class='ocrx_word' id='word_1_215' title='bbox 670 2775 774 2844; x_wconf 86' lang='lat' dir='ltr'>habet.</span> <span class='ocrx_word' id='word_1_216' title='bbox 804 2775 895 2859; x_wconf 83' lang='lat' dir='ltr'>Quod</span> <span class='ocrx_word' id='word_1_217' title='bbox 924 2777 1052 2843; x_wconf 91' lang='lat' dir='ltr'>minime</span> <span class='ocrx_word' id='word_1_218' title='bbox 1086 2777 1262 2845; x_wconf 91' lang='lat' dir='ltr'>mirandum</span> <span class='ocrx_word' id='word_1_219' title='bbox 1296 2798 1365 2844; x_wconf 86' lang='lat' dir='ltr'>esse</span> <span class='ocrx_word' id='word_1_220' title='bbox 1398 2776 1547 2856; x_wconf 72' lang='lat' dir='ltr'>arbitror,</span> <span class='ocrx_word' id='word_1_221' title='bbox 1580 2796 1617 2844; x_wconf 91' lang='lat' dir='ltr'>eo</span> <span class='ocrx_word' id='word_1_222' title='bbox 1656 2778 1740 2844; x_wconf 88' lang='lat' dir='ltr'>euim</span> <span class='ocrx_word' id='word_1_223' title='bbox 1779 2785 1915 2864; x_wconf 89' lang='lat' dir='ltr'>tempore</span> 
     </span>
     <span class='ocr_line' id='line_1_22' title="bbox 403 2894 1914 2985; baseline -0.001 -22"><span class='ocrx_word' id='word_1_224' title='bbox 403 2903 494 2963; x_wconf 88' lang='lat' dir='ltr'>natus</span> <span class='ocrx_word' id='word_1_225' title='bbox 522 2905 667 2985; x_wconf 77' lang='lat' dir='ltr'>estque</span> <span class='ocrx_word' id='word_1_226' title='bbox 695 2894 871 2982; x_wconf 91' lang='lat' dir='ltr'>complures</span> <span class='ocrx_word' id='word_1_227' title='bbox 899 2897 1046 2983; x_wconf 87' lang='lat' dir='ltr'>antiquae</span> <span class='ocrx_word' id='word_1_228' title='bbox 1074 2896 1187 2964; x_wconf 91' lang='lat' dir='ltr'>domus</span> <span class='ocrx_word' id='word_1_229' title='bbox 1213 2894 1368 2963; x_wconf 92' lang='lat' dir='ltr'>llorehant</span> <span class='ocrx_word' id='word_1_230' title='bbox 1386 2915 1489 2964; x_wconf 87' lang='lat' dir='ltr'>rerum</span> <span class='ocrx_word' id='word_1_231' title='bbox 1509 2905 1668 2982; x_wconf 88' lang='lat' dir='ltr'>gesturum</span> <span class='ocrx_word' id='word_1_232' title='bbox 1697 2895 1798 2980; x_wconf 88' lang='lat' dir='ltr'>gloria</span> <span class='ocrx_word' id='word_1_233' title='bbox 1825 2913 1914 2983; x_wconf 91' lang='lat' dir='ltr'>prae·</span> 
     </span>
     <span class='ocr_line' id='line_1_23' title="bbox 401 3012 1916 3114; baseline -0.003 -32"><span class='ocrx_word' id='word_1_234' title='bbox 401 3013 515 3096; x_wconf 89' lang='lat' dir='ltr'>clarae,</span> <span class='ocrx_word' id='word_1_235' title='bbox 545 3034 603 3083; x_wconf 89' lang='lat' dir='ltr'>nec</span> <span class='ocrx_word' id='word_1_236' title='bbox 629 3014 720 3114; x_wconf 86' lang='lat' dir='ltr'>longe</span> <span class='ocrx_word' id='word_1_237' title='bbox 747 3012 855 3082; x_wconf 89' lang='lat' dir='ltr'>aberat</span> <span class='ocrx_word' id='word_1_238' title='bbox 882 3022 968 3083; x_wconf 89' lang='lat' dir='ltr'>aetas</span> <span class='ocrx_word' id='word_1_239' title='bbox 995 3013 1139 3082; x_wconf 73' lang='lat' dir='ltr'>Aristidis</span> <span class='ocrx_word' id='word_1_240' title='bbox 1158 3022 1190 3082; x_wconf 93' lang='lat' dir='ltr'>et</span> <span class='ocrx_word' id='word_1_241' title='bbox 1207 3013 1355 3085; x_wconf 85' lang='lat' dir='ltr'>Cimonis.</span> <span class='ocrx_word' id='word_1_242' title='bbox 1387 3015 1496 3104; x_wconf 91' lang='lat' dir='ltr'>ltaque</span> <span class='ocrx_word' id='word_1_243' title='bbox 1524 3023 1554 3082; x_wconf 90' lang='lat' dir='ltr'>et</span> <span class='ocrx_word' id='word_1_244' title='bbox 1582 3012 1798 3103; x_wconf 84' lang='lat' dir='ltr'>philosophiae</span> <span class='ocrx_word' id='word_1_245' title='bbox 1827 3015 1916 3082; x_wconf 92' lang='lat' dir='ltr'>ratiu-</span> 
     </span>
     <span class='ocr_line' id='line_1_24' title="bbox 403 3130 1911 3223; baseline -0.002 -21"><span class='ocrx_word' id='word_1_246' title='bbox 403 3133 498 3202; x_wconf 89' lang='lat' dir='ltr'>nihus</span> <span class='ocrx_word' id='word_1_247' title='bbox 525 3143 555 3201; x_wconf 91' lang='lat' dir='ltr'>et</span> <span class='ocrx_word' id='word_1_248' title='bbox 584 3143 758 3221; x_wconf 89' lang='lat' dir='ltr'>temporum</span> <span class='ocrx_word' id='word_1_249' title='bbox 788 3132 1026 3203; x_wconf 90' lang='lat' dir='ltr'>necessitatibus</span> <span class='ocrx_word' id='word_1_250' title='bbox 1054 3134 1210 3203; x_wconf 89' lang='lat' dir='ltr'>adductus</span> <span class='ocrx_word' id='word_1_251' title='bbox 1237 3133 1414 3203; x_wconf 90' lang='lat' dir='ltr'>libertatem</span> <span class='ocrx_word' id='word_1_252' title='bbox 1434 3134 1527 3202; x_wconf 88' lang='lat' dir='ltr'>latius</span> <span class='ocrx_word' id='word_1_253' title='bbox 1547 3142 1655 3222; x_wconf 91' lang='lat' dir='ltr'>patere</span> <span class='ocrx_word' id='word_1_254' title='bbox 1682 3130 1845 3223; x_wconf 72' lang='lat' dir='ltr'>cupiebat,</span> <span class='ocrx_word' id='word_1_255' title='bbox 1863 3132 1911 3200; x_wconf 88' lang='lat' dir='ltr'>sed</span> 
     </span>
    </p>
   </div>
   <div class='ocr_carea' id='block_1_3' title="bbox 300 3247 1911 3340">
    <p class='ocr_par' dir='ltr' id='par_1_5' title="bbox 300 3247 1911 3340">
     <span class='ocr_line' id='line_1_25' title="bbox 300 3247 1911 3340; baseline -0.002 -20"><span class='ocrx_word' id='word_1_256' title='bbox 300 3291 306 3302; x_wconf 51' lang='grc' dir='ltr'><em>ι</em></span> <span class='ocrx_word' id='word_1_257' title='bbox 336 3315 338 3320; x_wconf 79' lang='grc'>,</span> <span class='ocrx_word' id='word_1_258' title='bbox 401 3254 506 3322; x_wconf 85' lang='lat' dir='ltr'>lacere</span> <span class='ocrx_word' id='word_1_259' title='bbox 535 3273 595 3320; x_wconf 92' lang='lat' dir='ltr'>non</span> <span class='ocrx_word' id='word_1_260' title='bbox 625 3262 747 3340; x_wconf 90' lang='lat' dir='ltr'>poterat</span> <span class='ocrx_word' id='word_1_261' title='bbox 774 3253 850 3340; x_wconf 91' lang='lat' dir='ltr'>quin</span> <span class='ocrx_word' id='word_1_262' title='bbox 877 3252 1010 3336; x_wconf 87' lang='lat' dir='ltr'>nobiles,</span> <span class='ocrx_word' id='word_1_263' title='bbox 1045 3262 1192 3323; x_wconf 90' lang='lat' dir='ltr'>accurate</span> <span class='ocrx_word' id='word_1_264' title='bbox 1220 3263 1251 3321; x_wconf 92' lang='lat' dir='ltr'>et</span> <span class='ocrx_word' id='word_1_265' title='bbox 1278 3252 1448 3322; x_wconf 88' lang='lat' dir='ltr'>liberaliter</span> <span class='ocrx_word' id='word_1_266' title='bbox 1474 3247 1625 3334; x_wconf 84' lang='lat' dir='ltr'>eruditos,</span> <span class='ocrx_word' id='word_1_267' title='bbox 1655 3255 1684 3321; x_wconf 91' lang='lat' dir='ltr'>in</span> <span class='ocrx_word' id='word_1_268' title='bbox 1712 3254 1844 3320; x_wconf 87' lang='lat' dir='ltr'>summis</span> <span class='ocrx_word' id='word_1_269' title='bbox 1871 3251 1911 3318; x_wconf 92' lang='lat' dir='ltr'>rei</span> 
     </span>
    </p>
   </div>
   <div class='ocr_carea' id='block_1_4' title="bbox 317 3370 1917 5499">
    <p class='ocr_par' dir='ltr' id='par_1_6' title="bbox 317 3370 1917 5499">
     <span class='ocr_line' id='line_1_26' title="bbox 373 3370 1908 3468; baseline -0.002 -28"><span class='ocrx_word' id='word_1_270' title='bbox 373 3371 546 3468; x_wconf 77' lang='lat' dir='ltr'>¹publicae</span> <span class='ocrx_word' id='word_1_271' title='bbox 580 3370 753 3440; x_wconf 90' lang='lat' dir='ltr'>honoribus</span> <span class='ocrx_word' id='word_1_272' title='bbox 787 3372 840 3440; x_wconf 90' lang='lat' dir='ltr'>din</span> <span class='ocrx_word' id='word_1_273' title='bbox 877 3381 1024 3454; x_wconf 89' lang='lat' dir='ltr'>versatos,</span> <span class='ocrx_word' id='word_1_274' title='bbox 1066 3373 1219 3440; x_wconf 91' lang='lat' dir='ltr'>maiorum</span> <span class='ocrx_word' id='word_1_275' title='bbox 1254 3370 1402 3440; x_wconf 90' lang='lat' dir='ltr'>laudibus</span> <span class='ocrx_word' id='word_1_276' title='bbox 1432 3373 1544 3454; x_wconf 75' lang='lat' dir='ltr'>claros</span> <span class='ocrx_word' id='word_1_277' title='bbox 1583 3370 1725 3440; x_wconf 87' lang='lat' dir='ltr'>obscuris</span> <span class='ocrx_word' id='word_1_278' title='bbox 1758 3372 1908 3458; x_wconf 88' lang='lat' dir='ltr'>novisque</span> 
     </span>
     <span class='ocr_line' id='line_1_27' title="bbox 317 3490 1914 3592; baseline -0.003 -32"><span class='ocrx_word' id='word_1_279' title='bbox 317 3587 320 3592; x_wconf 22' lang='lat'>¹</span> <span class='ocrx_word' id='word_1_280' title='bbox 403 3491 581 3560; x_wconf 88' lang='lat' dir='ltr'>hominihus</span> <span class='ocrx_word' id='word_1_281' title='bbox 609 3501 768 3589; x_wconf 86' lang='lat' dir='ltr'>praestare</span> <span class='ocrx_word' id='word_1_282' title='bbox 796 3493 957 3560; x_wconf 86' lang='lat' dir='ltr'>fateretur.</span> <span class='ocrx_word' id='word_1_283' title='bbox 986 3491 1089 3577; x_wconf 83' lang='lat' dir='ltr'>Quam</span> <span class='ocrx_word' id='word_1_284' title='bbox 1118 3490 1158 3560; x_wconf 94' lang='lat' dir='ltr'>ob</span> <span class='ocrx_word' id='word_1_285' title='bbox 1186 3512 1251 3560; x_wconf 91' lang='lat' dir='ltr'>rem</span> <span class='ocrx_word' id='word_1_286' title='bbox 1279 3494 1422 3581; x_wconf 89' lang='lat' dir='ltr'>queritur</span> <span class='ocrx_word' id='word_1_287' title='bbox 1456 3491 1609 3560; x_wconf 92' lang='lat' dir='ltr'>nobilium</span> <span class='ocrx_word' id='word_1_288' title='bbox 1637 3491 1776 3558; x_wconf 80' lang='lat' dir='ltr'>virorum</span> <span class='ocrx_word' id='word_1_289' title='bbox 1804 3491 1914 3558; x_wconf 89' lang='lat' dir='ltr'>condi-</span> 
     </span>
     <span class='ocr_line' id='line_1_28' title="bbox 403 3589 1916 3699; baseline -0.003 -20"><span class='ocrx_word' id='word_1_290' title='bbox 403 3613 537 3693; x_wconf 87' lang='lat' dir='ltr'>cionem,</span> <span class='ocrx_word' id='word_1_291' title='bbox 565 3610 680 3699; x_wconf 92' lang='lat' dir='ltr'>quibus</span> <span class='ocrx_word' id='word_1_292' title='bbox 710 3611 791 3680; x_wconf 85' lang='lat' dir='ltr'>laudi</span> <span class='ocrx_word' id='word_1_293' title='bbox 812 3619 842 3680; x_wconf 91' lang='lat' dir='ltr'>et</span> <span class='ocrx_word' id='word_1_294' title='bbox 861 3613 1082 3681; x_wconf 81' lang='lat' dir='ltr'>existimationi</span> <span class='ocrx_word' id='word_1_295' title='bbox 1107 3613 1228 3696; x_wconf 82' lang='lat' dir='ltr'>servire</span> <span class='ocrx_word' id='word_1_296' title='bbox 1246 3615 1363 3681; x_wconf 89' lang='lat' dir='ltr'>coactis</span> <span class='ocrx_word' id='word_1_297' title='bbox 1382 3589 1510 3682; x_wconf 85' lang='lat' dir='ltr'>libertas</span> <span class='ocrx_word' id='word_1_298' title='bbox 1530 3612 1695 3679; x_wconf 91' lang='lat' dir='ltr'>imminuta</span> <span class='ocrx_word' id='word_1_299' title='bbox 1722 3612 1773 3682; x_wconf 82' lang='lat' dir='ltr'>sit.</span> <span class='ocrx_word' id='word_1_300' title='bbox 1804 3609 1916 3676; x_wconf 90' lang='lat' dir='ltr'>Humili</span> 
     </span>
     <span class='ocr_line' id='line_1_29' title="bbox 404 3709 1914 3820; baseline -0.003 -23"><span class='ocrx_word' id='word_1_301' title='bbox 404 3730 472 3801; x_wconf 93' lang='lat' dir='ltr'>loco</span> <span class='ocrx_word' id='word_1_302' title='bbox 501 3731 579 3798; x_wconf 90' lang='lat' dir='ltr'>natis</span> <span class='ocrx_word' id='word_1_303' title='bbox 607 3752 666 3799; x_wconf 90' lang='lat' dir='ltr'>sna</span> <span class='ocrx_word' id='word_1_304' title='bbox 694 3732 865 3799; x_wconf 80' lang='lat' dir='ltr'>infortunia</span> <span class='ocrx_word' id='word_1_305' title='bbox 893 3709 1089 3820; x_wconf 90' lang='lat' dir='ltr'>complorare</span> <span class='ocrx_word' id='word_1_306' title='bbox 1116 3731 1191 3800; x_wconf 92' lang='lat' dir='ltr'>licet</span> <span class='ocrx_word' id='word_1_307' title='bbox 1217 3731 1302 3801; x_wconf 92' lang='lat' dir='ltr'>nullo</span> <span class='ocrx_word' id='word_1_308' title='bbox 1331 3752 1437 3801; x_wconf 90' lang='lat' dir='ltr'>eorum</span> <span class='ocrx_word' id='word_1_309' title='bbox 1466 3733 1612 3801; x_wconf 84' lang='lat' dir='ltr'>lacrimas</span> <span class='ocrx_word' id='word_1_310' title='bbox 1640 3738 1824 3798; x_wconf 89' lang='lat' dir='ltr'>numerante</span> <span class='ocrx_word' id='word_1_311' title='bbox 1853 3727 1914 3818; x_wconf 87' lang='lat' dir='ltr'>lph.</span> 
     </span>
     <span class='ocr_line' id='line_1_30' title="bbox 406 3847 1917 3940; baseline -0.003 -23"><span class='ocrx_word' id='word_1_312' title='bbox 406 3851 440 3919; x_wconf 68' lang='lat' dir='ltr'>rt.</span> <span class='ocrx_word' id='word_1_313' title='bbox 472 3854 527 3934; x_wconf 82' lang='lat' dir='ltr'>td,</span> <span class='ocrx_word' id='word_1_314' title='bbox 551 3848 631 3920; x_wconf 77' lang='lat' dir='ltr'>tte.</span> <span class='ocrx_word' id='word_1_315' title='bbox 660 3851 717 3920; x_wconf 90' lang='lat' dir='ltr'>Hic</span> <span class='ocrx_word' id='word_1_316' title='bbox 746 3850 1065 3919; x_wconf 88' lang='lat' dir='ltr'>animadvertendum</span> <span class='ocrx_word' id='word_1_317' title='bbox 1089 3860 1135 3919; x_wconf 88' lang='lat' dir='ltr'>est</span> <span class='ocrx_word' id='word_1_318' title='bbox 1152 3853 1233 3939; x_wconf 90' lang='lat' dir='ltr'>apud</span> <span class='ocrx_word' id='word_1_319' title='bbox 1263 3850 1442 3940; x_wconf 89' lang='lat' dir='ltr'>complures</span> <span class='ocrx_word' id='word_1_320' title='bbox 1469 3849 1660 3922; x_wconf 87' lang='lat' dir='ltr'>Graecorum</span> <span class='ocrx_word' id='word_1_321' title='bbox 1689 3858 1799 3935; x_wconf 87' lang='lat' dir='ltr'>gentes</span> <span class='ocrx_word' id='word_1_322' title='bbox 1825 3847 1917 3916; x_wconf 88' lang='lat' dir='ltr'>lacni·</span> 
     </span>
     <span class='ocr_line' id='line_1_31' title="bbox 406 3968 1912 4060; baseline -0.004 -22"><span class='ocrx_word' id='word_1_323' title='bbox 406 3979 484 4040; x_wconf 89' lang='lat' dir='ltr'>tates</span> <span class='ocrx_word' id='word_1_324' title='bbox 510 3970 661 4059; x_wconf 91' lang='lat' dir='ltr'>quasdam</span> <span class='ocrx_word' id='word_1_325' title='bbox 690 3991 708 4038; x_wconf 90' lang='lat' dir='ltr'>a</span> <span class='ocrx_word' id='word_1_326' title='bbox 744 3968 925 4057; x_wconf 90' lang='lat' dir='ltr'>parentibus</span> <span class='ocrx_word' id='word_1_327' title='bbox 959 3971 998 4039; x_wconf 92' lang='lat' dir='ltr'>ad</span> <span class='ocrx_word' id='word_1_328' title='bbox 1028 3971 1108 4038; x_wconf 84' lang='lat' dir='ltr'>filius</span> <span class='ocrx_word' id='word_1_329' title='bbox 1139 3990 1192 4060; x_wconf 90' lang='lat' dir='ltr'>per</span> <span class='ocrx_word' id='word_1_330' title='bbox 1224 3991 1335 4038; x_wconf 92' lang='lat' dir='ltr'>manus</span> <span class='ocrx_word' id='word_1_331' title='bbox 1364 3973 1494 4040; x_wconf 90' lang='lat' dir='ltr'>traditas</span> <span class='ocrx_word' id='word_1_332' title='bbox 1528 3972 1637 4050; x_wconf 86' lang='lat' dir='ltr'>t&#39;uisse;</span> <span class='ocrx_word' id='word_1_333' title='bbox 1666 3970 1758 4038; x_wconf 90' lang='lat' dir='ltr'>cuins</span> <span class='ocrx_word' id='word_1_334' title='bbox 1788 3969 1830 4035; x_wconf 90' lang='lat' dir='ltr'>rei</span> <span class='ocrx_word' id='word_1_335' title='bbox 1858 3988 1912 4036; x_wconf 94' lang='lat' dir='ltr'>non</span> 
     </span>
     <span class='ocr_line' id='line_1_32' title="bbox 361 4087 1915 4180; baseline -0.003 -22"><span class='ocrx_word' id='word_1_336' title='bbox 361 4165 362 4170; x_wconf 36' lang='lat'>,</span> <span class='ocrx_word' id='word_1_337' title='bbox 407 4110 508 4177; x_wconf 88' lang='lat' dir='ltr'>pauca</span> <span class='ocrx_word' id='word_1_338' title='bbox 532 4099 604 4158; x_wconf 91' lang='lat' dir='ltr'>sunt</span> <span class='ocrx_word' id='word_1_339' title='bbox 631 4098 794 4178; x_wconf 88' lang='lat' dir='ltr'>poetarum</span> <span class='ocrx_word' id='word_1_340' title='bbox 823 4090 979 4178; x_wconf 83' lang='lat' dir='ltr'>erempla.</span> <span class='ocrx_word' id='word_1_341' title='bbox 1007 4091 1094 4180; x_wconf 56' lang='lat' dir='ltr'>Tota</span> <span class='ocrx_word' id='word_1_342' title='bbox 1111 4091 1173 4158; x_wconf 85' lang='lat' dir='ltr'>iere</span> <span class='ocrx_word' id='word_1_343' title='bbox 1193 4090 1361 4158; x_wconf 91' lang='lat' dir='ltr'>Simonidis</span> <span class='ocrx_word' id='word_1_344' title='bbox 1379 4090 1491 4159; x_wconf 92' lang='lat' dir='ltr'>domus</span> <span class='ocrx_word' id='word_1_345' title='bbox 1519 4090 1619 4180; x_wconf 83' lang='lat' dir='ltr'>lyrica</span> <span class='ocrx_word' id='word_1_346' title='bbox 1644 4089 1730 4176; x_wconf 90' lang='lat' dir='ltr'>poesi</span> <span class='ocrx_word' id='word_1_347' title='bbox 1760 4087 1915 4155; x_wconf 78' lang='lat' dir='ltr'>inclaruit:</span> 
     </span>
     <span class='ocr_line' id='line_1_33' title="bbox 406 4208 1915 4299; baseline -0.003 -22"><span class='ocrx_word' id='word_1_348' title='bbox 406 4209 553 4299; x_wconf 75' lang='lat' dir='ltr'>Aeschyli</span> <span class='ocrx_word' id='word_1_349' title='bbox 583 4212 747 4297; x_wconf 88' lang='lat' dir='ltr'>progenies</span> <span class='ocrx_word' id='word_1_350' title='bbox 775 4231 831 4298; x_wconf 89' lang='lat' dir='ltr'>per</span> <span class='ocrx_word' id='word_1_351' title='bbox 858 4210 976 4298; x_wconf 91' lang='lat' dir='ltr'>aliquot</span> <span class='ocrx_word' id='word_1_352' title='bbox 1002 4219 1119 4279; x_wconf 89' lang='lat' dir='ltr'>aetates</span> <span class='ocrx_word' id='word_1_353' title='bbox 1147 4210 1279 4296; x_wconf 82' lang='lat' dir='ltr'>gloriam</span> <span class='ocrx_word' id='word_1_354' title='bbox 1311 4210 1542 4295; x_wconf 91' lang='lat' dir='ltr'>tragoediarum</span> <span class='ocrx_word' id='word_1_355' title='bbox 1573 4209 1717 4285; x_wconf 89' lang='lat' dir='ltr'>retimrit;</span> <span class='ocrx_word' id='word_1_356' title='bbox 1750 4208 1915 4296; x_wconf 86' lang='lat' dir='ltr'>Sophoclis,</span> 
     </span>
     <span class='ocr_line' id='line_1_34' title="bbox 406 4325 1914 4418; baseline -0.003 -22"><span class='ocrx_word' id='word_1_357' title='bbox 406 4325 630 4417; x_wconf 75' lang='lat' dir='ltr'>Aristophanis</span> <span class='ocrx_word' id='word_1_358' title='bbox 658 4330 815 4416; x_wconf 82' lang='lat' dir='ltr'>Euripidis</span> <span class='ocrx_word' id='word_1_359' title='bbox 843 4332 942 4418; x_wconf 90' lang='lat' dir='ltr'>ipsius</span> <span class='ocrx_word' id='word_1_360' title='bbox 975 4330 1028 4397; x_wconf 88' lang='lat' dir='ltr'>lilii</span> <span class='ocrx_word' id='word_1_361' title='bbox 1066 4350 1126 4398; x_wconf 92' lang='lat' dir='ltr'>non</span> <span class='ocrx_word' id='word_1_362' title='bbox 1156 4331 1224 4397; x_wconf 92' lang='lat' dir='ltr'>sine</span> <span class='ocrx_word' id='word_1_363' title='bbox 1252 4329 1344 4398; x_wconf 93' lang='lat' dir='ltr'>laude</span> <span class='ocrx_word' id='word_1_364' title='bbox 1373 4331 1492 4417; x_wconf 90' lang='lat' dir='ltr'>poesim</span> <span class='ocrx_word' id='word_1_365' title='bbox 1519 4329 1698 4397; x_wconf 88' lang='lat' dir='ltr'>coluerunt.</span> <span class='ocrx_word' id='word_1_366' title='bbox 1728 4328 1798 4411; x_wconf 82' lang='lat' dir='ltr'>Quo</span> <span class='ocrx_word' id='word_1_367' title='bbox 1827 4331 1914 4415; x_wconf 88' lang='lat' dir='ltr'>magis</span> 
     </span>
     <span class='ocr_line' id='line_1_35' title="bbox 406 4446 1915 4536; baseline -0.002 -21"><span class='ocrx_word' id='word_1_368' title='bbox 406 4457 656 4518; x_wconf 91' lang='lat' dir='ltr'>consentaneum</span> <span class='ocrx_word' id='word_1_369' title='bbox 686 4450 783 4517; x_wconf 88' lang='lat' dir='ltr'>rideri</span> <span class='ocrx_word' id='word_1_370' title='bbox 812 4448 972 4536; x_wconf 87' lang='lat' dir='ltr'>oportebat</span> <span class='ocrx_word' id='word_1_371' title='bbox 1001 4448 1121 4532; x_wconf 91' lang='lat' dir='ltr'>nobiles</span> <span class='ocrx_word' id='word_1_372' title='bbox 1150 4469 1213 4517; x_wconf 91' lang='lat' dir='ltr'>una</span> <span class='ocrx_word' id='word_1_373' title='bbox 1239 4469 1311 4515; x_wconf 87' lang='lat' dir='ltr'>curn</span> <span class='ocrx_word' id='word_1_374' title='bbox 1346 4449 1462 4517; x_wconf 90' lang='lat' dir='ltr'>divitiis</span> <span class='ocrx_word' id='word_1_375' title='bbox 1489 4457 1583 4536; x_wconf 90' lang='lat' dir='ltr'>atque</span> <span class='ocrx_word' id='word_1_376' title='bbox 1610 4446 1821 4535; x_wconf 89' lang='lat' dir='ltr'>amplitudine</span> <span class='ocrx_word' id='word_1_377' title='bbox 1854 4451 1915 4515; x_wconf 93' lang='lat' dir='ltr'>ani-</span> 
     </span>
     <span class='ocr_line' id='line_1_36' title="bbox 406 4566 1914 4658; baseline -0.003 -22"><span class='ocrx_word' id='word_1_378' title='bbox 406 4587 530 4636; x_wconf 90' lang='lat' dir='ltr'>morum</span> <span class='ocrx_word' id='word_1_379' title='bbox 559 4569 689 4638; x_wconf 85' lang='lat' dir='ltr'>virtutes</span> <span class='ocrx_word' id='word_1_380' title='bbox 718 4569 886 4636; x_wconf 87' lang='lat' dir='ltr'>hereditate</span> <span class='ocrx_word' id='word_1_381' title='bbox 913 4570 1067 4658; x_wconf 88' lang='lat' dir='ltr'>accipere.</span> <span class='ocrx_word' id='word_1_382' title='bbox 1103 4569 1214 4656; x_wconf 91' lang='lat' dir='ltr'>ltaque</span> <span class='ocrx_word' id='word_1_383' title='bbox 1244 4569 1424 4658; x_wconf 82' lang='lat' dir='ltr'>Euripides:</span> <span class='ocrx_word' id='word_1_384' title='bbox 1461 4566 1617 4649; x_wconf 88' lang='lat' dir='ltr'>nobilitas,</span> <span class='ocrx_word' id='word_1_385' title='bbox 1653 4568 1767 4654; x_wconf 91' lang='lat' dir='ltr'>inquit,</span> <span class='ocrx_word' id='word_1_386' title='bbox 1803 4567 1914 4635; x_wconf 89' lang='lat' dir='ltr'>ridetur</span> 
     </span>
     <span class='ocr_line' id='line_1_37' title="bbox 406 4686 1913 4778; baseline -0.003 -21"><span class='ocrx_word' id='word_1_387' title='bbox 406 4707 567 4757; x_wconf 89' lang='lat' dir='ltr'>unacum</span> <span class='ocrx_word' id='word_1_388' title='bbox 595 4691 747 4776; x_wconf 89' lang='lat' dir='ltr'>sangnine</span> <span class='ocrx_word' id='word_1_389' title='bbox 775 4691 804 4756; x_wconf 95' lang='lat' dir='ltr'>in</span> <span class='ocrx_word' id='word_1_390' title='bbox 835 4697 963 4778; x_wconf 90' lang='lat' dir='ltr'>nepotes</span> <span class='ocrx_word' id='word_1_391' title='bbox 990 4689 1178 4767; x_wconf 82' lang='lat' dir='ltr'>transfundi;</span> <span class='ocrx_word' id='word_1_392' title='bbox 1206 4691 1321 4758; x_wconf 87' lang='lat' dir='ltr'>etenim</span> <span class='ocrx_word' id='word_1_393' title='bbox 1350 4710 1388 4757; x_wconf 77' lang='lat' dir='ltr'>er</span> <span class='ocrx_word' id='word_1_394' title='bbox 1417 4690 1486 4776; x_wconf 91' lang='lat' dir='ltr'>ipso</span> <span class='ocrx_word' id='word_1_395' title='bbox 1507 4688 1594 4756; x_wconf 89' lang='lat' dir='ltr'>vultu</span> <span class='ocrx_word' id='word_1_396' title='bbox 1612 4686 1717 4756; x_wconf 90' lang='lat' dir='ltr'>elucet</span> <span class='ocrx_word' id='word_1_397' title='bbox 1743 4686 1812 4759; x_wconf 87' lang='lat' dir='ltr'>Ion.</span> <span class='ocrx_word' id='word_1_398' title='bbox 1831 4686 1913 4754; x_wconf 66' lang='lat'>239:</span> 
     </span>
     <span class='ocr_line' id='line_1_38' title="bbox 406 4805 1913 4898; baseline -0.001 -26"><span class='ocrx_word' id='word_1_399' title='bbox 406 4809 454 4874; x_wconf 86' lang='lat' dir='ltr'>vir</span> <span class='ocrx_word' id='word_1_400' title='bbox 481 4805 593 4875; x_wconf 90' lang='lat' dir='ltr'>nobilis</span> <span class='ocrx_word' id='word_1_401' title='bbox 622 4806 792 4876; x_wconf 86' lang='lat' dir='ltr'>liberaliter</span> <span class='ocrx_word' id='word_1_402' title='bbox 827 4809 996 4876; x_wconf 84' lang='lat' dir='ltr'>infortunia</span> <span class='ocrx_word' id='word_1_403' title='bbox 1027 4808 1139 4876; x_wconf 90' lang='lat' dir='ltr'>tulerat</span> <span class='ocrx_word' id='word_1_404' title='bbox 1167 4829 1235 4890; x_wconf 90' lang='lat' dir='ltr'>nec,</span> <span class='ocrx_word' id='word_1_405' title='bbox 1268 4828 1349 4898; x_wconf 90' lang='lat' dir='ltr'>qnae</span> <span class='ocrx_word' id='word_1_406' title='bbox 1381 4829 1449 4875; x_wconf 91' lang='lat' dir='ltr'>sors</span> <span class='ocrx_word' id='word_1_407' title='bbox 1485 4809 1571 4887; x_wconf 87' lang='lat' dir='ltr'>terat,</span> <span class='ocrx_word' id='word_1_408' title='bbox 1612 4807 1766 4874; x_wconf 86' lang='lat' dir='ltr'>detrectat</span> <span class='ocrx_word' id='word_1_409' title='bbox 1797 4805 1837 4897; x_wconf 76' lang='lat' dir='ltr'>fr.</span> <span class='ocrx_word' id='word_1_410' title='bbox 1865 4807 1913 4890; x_wconf 77' lang='lat' dir='ltr'>hh,</span> 
     </span>
     <span class='ocr_line' id='line_1_39' title="bbox 406 4924 1915 5017; baseline -0.003 -24"><span class='ocrx_word' id='word_1_411' title='bbox 406 4925 446 4993; x_wconf 83' lang='lat' dir='ltr'>u.</span> <span class='ocrx_word' id='word_1_412' title='bbox 474 4925 513 4994; x_wconf 88' lang='lat' dir='ltr'>F.</span> <span class='ocrx_word' id='word_1_413' title='bbox 545 4927 651 4998; x_wconf 70' lang='grc'>1227.</span> <span class='ocrx_word' id='word_1_414' title='bbox 689 4928 724 4995; x_wconf 90' lang='lat' dir='ltr'>Et</span> <span class='ocrx_word' id='word_1_415' title='bbox 752 4928 782 4995; x_wconf 93' lang='lat' dir='ltr'>in</span> <span class='ocrx_word' id='word_1_416' title='bbox 812 4930 877 5017; x_wconf 84' lang='lat' dir='ltr'>ipso</span> <span class='ocrx_word' id='word_1_417' title='bbox 913 4927 1080 4995; x_wconf 76' lang='lat' dir='ltr'>infortunio</span> <span class='ocrx_word' id='word_1_418' title='bbox 1114 4948 1262 5014; x_wconf 90' lang='lat' dir='ltr'>magnum</span> <span class='ocrx_word' id='word_1_419' title='bbox 1294 4936 1339 4996; x_wconf 90' lang='lat' dir='ltr'>est</span> <span class='ocrx_word' id='word_1_420' title='bbox 1373 4926 1530 4996; x_wconf 89' lang='lat' dir='ltr'>nobilitas.</span> <span class='ocrx_word' id='word_1_421' title='bbox 1569 4927 1709 5012; x_wconf 85' lang='lat' dir='ltr'>Ingenuo</span> <span class='ocrx_word' id='word_1_422' title='bbox 1746 4924 1815 4994; x_wconf 93' lang='lat' dir='ltr'>loco</span> <span class='ocrx_word' id='word_1_423' title='bbox 1846 4926 1915 4992; x_wconf 90' lang='lat' dir='ltr'>natis</span> 
     </span>
     <span class='ocr_line' id='line_1_40' title="bbox 407 5045 1916 5135; baseline -0.003 -23"><span class='ocrx_word' id='word_1_424' title='bbox 407 5047 505 5112; x_wconf 92' lang='lat' dir='ltr'>hunos</span> <span class='ocrx_word' id='word_1_425' title='bbox 534 5056 564 5113; x_wconf 92' lang='lat' dir='ltr'>et</span> <span class='ocrx_word' id='word_1_426' title='bbox 590 5046 692 5133; x_wconf 88' lang='lat' dir='ltr'>gloria</span> <span class='ocrx_word' id='word_1_427' title='bbox 720 5056 853 5128; x_wconf 91' lang='lat' dir='ltr'>manent,</span> <span class='ocrx_word' id='word_1_428' title='bbox 892 5067 994 5134; x_wconf 90' lang='lat' dir='ltr'>neque</span> <span class='ocrx_word' id='word_1_429' title='bbox 1021 5056 1143 5135; x_wconf 91' lang='lat' dir='ltr'>tempus</span> <span class='ocrx_word' id='word_1_430' title='bbox 1171 5048 1278 5115; x_wconf 90' lang='lat' dir='ltr'>omnia</span> <span class='ocrx_word' id='word_1_431' title='bbox 1305 5047 1389 5114; x_wconf 92' lang='lat' dir='ltr'>delet</span> <span class='ocrx_word' id='word_1_432' title='bbox 1423 5047 1478 5114; x_wconf 89' lang='lat' dir='ltr'>sed</span> <span class='ocrx_word' id='word_1_433' title='bbox 1518 5045 1614 5112; x_wconf 88' lang='lat' dir='ltr'>virtus</span> <span class='ocrx_word' id='word_1_434' title='bbox 1652 5045 1747 5112; x_wconf 89' lang='lat' dir='ltr'>murti</span> <span class='ocrx_word' id='word_1_435' title='bbox 1784 5052 1916 5133; x_wconf 87' lang='lat' dir='ltr'>superest</span> 
     </span>
     <span class='ocr_line' id='line_1_41' title="bbox 406 5163 1916 5256; baseline -0.003 -24"><span class='ocrx_word' id='word_1_436' title='bbox 406 5163 500 5232; x_wconf 81' lang='lat' dir='ltr'>Andr.</span> <span class='ocrx_word' id='word_1_437' title='bbox 532 5163 614 5235; x_wconf 82' lang='lat' dir='ltr'>rte.</span> <span class='ocrx_word' id='word_1_438' title='bbox 643 5166 695 5234; x_wconf 90' lang='lat' dir='ltr'>Est</span> <span class='ocrx_word' id='word_1_439' title='bbox 723 5165 775 5234; x_wconf 92' lang='lat' dir='ltr'>ubi</span> <span class='ocrx_word' id='word_1_440' title='bbox 809 5175 959 5255; x_wconf 88' lang='lat' dir='ltr'>queratur</span> <span class='ocrx_word' id='word_1_441' title='bbox 993 5165 1187 5238; x_wconf 92' lang='lat' dir='ltr'>nobilitatem</span> <span class='ocrx_word' id='word_1_442' title='bbox 1220 5171 1305 5256; x_wconf 87' lang='lat' dir='ltr'>parri</span> <span class='ocrx_word' id='word_1_443' title='bbox 1341 5166 1448 5236; x_wconf 90' lang='lat' dir='ltr'>haberi</span> <span class='ocrx_word' id='word_1_444' title='bbox 1487 5185 1561 5256; x_wconf 94' lang='lat' dir='ltr'>prae</span> <span class='ocrx_word' id='word_1_445' title='bbox 1597 5163 1725 5245; x_wconf 89' lang='lat' dir='ltr'>divitiis,</span> <span class='ocrx_word' id='word_1_446' title='bbox 1754 5163 1867 5252; x_wconf 92' lang='lat' dir='ltr'>quihus</span> <span class='ocrx_word' id='word_1_447' title='bbox 1891 5170 1916 5230; x_wconf 90' lang='lat' dir='ltr'>et</span> 
     </span>
     <span class='ocr_line' id='line_1_42' title="bbox 407 5281 1915 5377; baseline -0.005 -23"><span class='ocrx_word' id='word_1_448' title='bbox 407 5283 533 5354; x_wconf 90' lang='lat' dir='ltr'>obscuri</span> <span class='ocrx_word' id='word_1_449' title='bbox 567 5293 649 5354; x_wconf 91' lang='lat' dir='ltr'>inter</span> <span class='ocrx_word' id='word_1_450' title='bbox 677 5287 795 5374; x_wconf 90' lang='lat' dir='ltr'>primos</span> <span class='ocrx_word' id='word_1_451' title='bbox 832 5285 1026 5354; x_wconf 80' lang='lat' dir='ltr'>extollantur</span> <span class='ocrx_word' id='word_1_452' title='bbox 1052 5283 1094 5377; x_wconf 76' lang='lat' dir='ltr'>[r.</span> <span class='ocrx_word' id='word_1_453' title='bbox 1125 5287 1170 5354; x_wconf 84' lang='grc'>96</span> <span class='ocrx_word' id='word_1_454' title='bbox 1209 5295 1239 5355; x_wconf 90' lang='lat' dir='ltr'>et</span> <span class='ocrx_word' id='word_1_455' title='bbox 1265 5285 1425 5354; x_wconf 91' lang='lat' dir='ltr'>nobilitate</span> <span class='ocrx_word' id='word_1_456' title='bbox 1454 5292 1646 5353; x_wconf 80' lang='lat' dir='ltr'>exornentur</span> <span class='ocrx_word' id='word_1_457' title='bbox 1671 5281 1713 5374; x_wconf 79' lang='lat' dir='ltr'>fr.</span> <span class='ocrx_word' id='word_1_458' title='bbox 1742 5285 1803 5356; x_wconf 72' lang='lat'>22.</span> <span class='ocrx_word' id='word_1_459' title='bbox 1831 5283 1915 5352; x_wconf 87' lang='lat' dir='ltr'>Nemo</span> 
     </span>
     <span class='ocr_line' id='line_1_43' title="bbox 407 5401 1914 5499; baseline -0.003 -25"><span class='ocrx_word' id='word_1_460' title='bbox 407 5423 470 5476; x_wconf 91' lang='lat' dir='ltr'>nou</span> <span class='ocrx_word' id='word_1_461' title='bbox 491 5403 639 5476; x_wconf 85' lang='lat' dir='ltr'>divitibus</span> <span class='ocrx_word' id='word_1_462' title='bbox 667 5415 697 5473; x_wconf 91' lang='lat' dir='ltr'>et</span> <span class='ocrx_word' id='word_1_463' title='bbox 724 5404 866 5477; x_wconf 86' lang='lat' dir='ltr'>obscuris</span> <span class='ocrx_word' id='word_1_464' title='bbox 896 5425 989 5497; x_wconf 91' lang='lat' dir='ltr'>quarn</span> <span class='ocrx_word' id='word_1_465' title='bbox 1020 5405 1210 5499; x_wconf 90' lang='lat' dir='ltr'>pauperibus</span> <span class='ocrx_word' id='word_1_466' title='bbox 1229 5416 1258 5474; x_wconf 89' lang='lat' dir='ltr'>ct</span> <span class='ocrx_word' id='word_1_467' title='bbox 1278 5407 1421 5498; x_wconf 80' lang='lat' dir='ltr'>ingenuis</span> <span class='ocrx_word' id='word_1_468' title='bbox 1441 5405 1519 5473; x_wconf 88' lang='lat' dir='ltr'>hlias</span> <span class='ocrx_word' id='word_1_469' title='bbox 1542 5406 1572 5471; x_wconf 94' lang='lat' dir='ltr'>in</span> <span class='ocrx_word' id='word_1_470' title='bbox 1594 5404 1829 5475; x_wconf 87' lang='lat' dir='ltr'>matrimonium</span> <span class='ocrx_word' id='word_1_471' title='bbox 1849 5401 1914 5471; x_wconf 82' lang='lat' dir='ltr'>darc</span> 
     </span>
    </p>
   </div>
   <div class='ocr_carea' id='block_1_5' title="bbox 0 0 2013 6164">
    <p class='ocr_par' dir='ltr' id='par_1_7' title="bbox 0 0 2013 6164">
     <span class='ocr_line' id='line_1_44' title="bbox 0 0 2013 6164; baseline 0 0"><span class='ocrx_word' id='word_1_472' title='bbox 0 0 2013 6164; x_wconf 95' lang='lat' dir='ltr'> </span> 
     </span>
    </p>
   </div>
  </div>
 </body>
</html>
