4010 6172
1032 330 1228 398 -ts--
1343 280 1345 288 ¹

368 482 689 574 66666666661166
718 504 834 576 66166
861 503 921 554 666
947 485 995 553 sni
1023 485 1248 554 conscientiam
1276 503 1412 568 6611616,
1440 485 1495 554 sed
1523 485 1555 554 in
1584 484 1743 556 aetherem
1763 485 1916 553 immor-

369 605 463 676 talem
481 602 568 676 abire
588 613 619 676 et
637 624 711 674 cum
725 622 762 672 eo
779 607 965 674 commixtos
980 604 1147 674 immortali
1161 623 1254 674 sensu
1273 605 1334 674 lrni
1348 596 1411 701 (l).
1429 601 1483 674 Est
1496 604 1622 694 quando
1641 611 1775 674 mortem
1788 621 1916 672 reme-

369 728 455 796 dium
483 744 553 794 esse
581 725 736 794 malornm
763 723 801 793 iis
828 722 933 794 uerbis
960 724 1132 814 praedicet,
1160 732 1194 792 nt
1220 721 1345 794 dubites
1372 732 1474 794 ulrum
1503 724 1644 796 animum
1670 744 1744 795 cnm
1763 741 1916 812 corpore

368 847 524 934 exstingui
551 845 685 915 affirmet
714 866 752 916 an
781 843 998 916 adumbratam
1035 845 1191 933 quendam
1219 844 1380 914 doctrinae
1408 844 1599 916 christianae
1637 845 1913 934 praesensionem

370 964 669 1055 deprehendendam
697 977 797 1056 putes.
826 967 961 1036 Scitisne
991 966 1101 1054 inquit,
1136 983 1176 1034 an
1211 985 1293 1053 qnae
1319 965 1384 1034 vita
1417 964 1592 1054 appelletur
1620 985 1704 1036 mors
1731 966 1780 1050 sit,
1808 984 1913 1034 mors

371 1096 476 1159 antem
510 1086 602 1156 vita‘?
634 1085 725 1156 Corte
757 1088 811 1176 qni
839 1089 945 1156 vivunt
972 1085 1078 1154 miseri
1114 1085 1305 1168 cruciantur,
1333 1087 1449 1154 mortui
1476 1086 1579 1162 omnis
1597 1084 1724 1154 'doloris
1750 1093 1914 1176 expertes

372 1217 444 1278 sunt
459 1206 501 1300 fr.
534 1209 616 1290 639,
637 1205 719 1276 830.
742 1204 852 1274 Trood.
875 1205 959 1275 636.
988 1203 1039 1272 Est
1066 1205 1206 1295 prolecto
1234 1204 1358 1294 aliquid
1385 1205 1444 1274 bac
1471 1206 1534 1273 vita
1552 1205 1771 1294 praestantius,
1798 1224 1913 1294 qnam

331 1318 338 1326 ’
372 1327 529 1414 diligimus
556 1335 735 1416 propterea,
762 1326 846 1415 quod
874 1327 1056 1415 ignoramus
1084 1325 1158 1413 quid
1184 1324 1267 1413 apud
1297 1325 1413 1393 inleros
1440 1324 1579 1394 laturum
1599 1326 1638 1392 sit
1665 1324 1759 1416 Hippo.
1785 1327 1881 1394 189.

423 1446 541 1517 Verum
569 1467 630 1515 non
659 1466 768 1516 omnes
794 1447 876 1515 vitae
903 1453 1008 1535 partes
1026 1443 1157 1534 paribus
1185 1444 1275 1514 malis
1294 1444 1486 1531 affliguntur.
1507 1443 1627 1513 Etenim
1648 1445 1781 1534 66611116
1806 1443 1914 1514 66116

334 1539 337 1550 ’
375 1567 546 1636 1616116616
581 1565 784 1655 perturbatur
811 1584 869 1634 neo
896 1565 1004 1634 dolere
1038 1565 1118 1634 solet
1149 1563 1232 1634 Mod.
1265 1564 1325 1645 l8;
1353 1563 1565 1653 pulcherrima
1590 1564 1802 1636 adolescentia
1832 1574 1915 1634 tum

373 1685 462 1756 dives
489 1694 555 1756 tum
573 1687 674 1774 inops,
694 1705 774 1774 quae
795 1705 834 1754 ne
853 1685 977 1754 asiatici
996 1684 1123 1773 quidem
1145 1685 1267 1774 imperii
1288 1681 1401 1772 opibus
1420 1685 1629 1772 permutanda
1642 1687 1683 1754 sit
1700 1682 1789 1756 11111.
1809 1683 1913 1754 613.

372 1803 405 1874 Si
431 1824 495 1895 qna
519 1813 600 1874 esset
626 1805 688 1873 diis
716 1805 879 1874 bominum
907 1803 1076 1894 prudentia
1102 1803 1264 1893 duplicem
1291 1801 1382 1872 bonis
1407 1802 1654 1874 adolescentiam
1680 1805 1914 1889 concederent,

373 1944 435 2014 qua
462 1934 537 1993 note
565 1922 664 1994 bonos
691 1934 721 1992 et
748 1923 848 1992 malos
886 1923 1028 2010 dignosci
1056 1923 1164 1993 liceret
1192 1922 1231 1990 ih.
1270 1925 1354 1994 655.
1390 1922 1541 1998 Senectus
1568 1943 1642 2016 pero
1670 1943 1761 2012 quem
1788 1924 1913 1994 multis

372 2044 579 2114 incommodis
605 2047 840 2132 circumscepta
867 2043 930 2112 est!
955 2040 997 2134 (r.
1028 2043 1112 2112 638.
1140 2042 1208 2112 Una
1226 2063 1331 2112 rernm
1359 2045 1558 2134 experientia
1583 2046 1737 2115 iuventuti
1759 2054 1914 2135 praestat

373 2161 415 2255 [1.
446 2163 529 2246 622,
555 2162 656 2233 donec
683 2184 773 2232 mens
790 2163 893 2240 ‚iirme
919 2170 950 2232 et
977 2161 1205 2251 imperturbata
1231 2172 1350 2246 manet;
1377 2172 1409 2234 at
1435 2164 1511 2254 quid
1531 2166 1598 2234 seni
1627 2165 1750 2254 pristini
1772 2166 1912 2235 ardoris

374 2292 527 2372 superest,
547 2283 621 2372 qnid
650 2284 774 2367 virium,
803 2281 918 2372 qnibns
938 2282 1010 2351 olim
1026 2282 1180 2386 aduersus
1198 2283 1304 2352 hostes
1324 2285 1476 2373 pugnavit
1493 2293 1523 2354 et
1549 2285 1757 2354 certaminum
1777 2285 1914 2375 palmas

376 2399 530 2470 abstulit?
555 2401 623 2472 Vox
651 2411 682 2471 et
710 2400 823 2472 umbra
849 2421 948 2471 senen
976 2409 1023 2477 661
1047 2401 1088 2495 fr.
1110 2402 1193 2485 612,
1211 2422 1307 2492 66666
1326 2403 1440 2472 umbra
1458 2406 1652 2472 somniorum
1679 2404 1799 2488 similis,
1816 2426 1913 2493 quae

375 2521 513 2611 cogitare
543 2521 659 2603 credat,
688 2521 818 2592 cerebro
845 2531 950 2590 entem
970 2531 1074 2592 careat
1099 2521 1140 2614 fr.
1170 2523 1228 2595 26.
1256 2522 1374 2592 Stultus
1400 2533 1448 2592 est
1475 2525 1528 2612 qni
1555 2523 1594 2591 ad
1622 2524 1802 2594 innumeras
1831 2525 1914 2594 eins

379 2642 489 2710 aetatis
516 2635 677 2709 molestias
696 2642 861 2729 pervenire
889 2642 976 2730 cupit
1000 2641 1042 2733 [r.
1064 2639 1155 2729 5793
1176 2643 1261 2730 etqui
1283 2661 1375 2711 nemo
1396 2661 1457 2711 non
1477 2661 1514 2710 eo
1534 2643 1698 2730 pervenire
1716 2643 1814 2731 66611,
1837 2643 1911 2726 dic,

376 2781 442 2849 ege,
462 2778 639 2848 quarumne
668 2761 863 2848 voluptatum
883 2781 938 2848 spe
966 2759 1096 2830 allecti?
1123 2769 1207 2829 66116
1235 2763 1317 2830 66166
1344 2762 1410 2830 1616
1437 2770 1479 2844 61,
1512 2782 1609 2850 qurum
1636 2782 1673 2832 66
1706 2764 1911 2852 perveneris,

379 2889 408 2950 te
435 2862 550 2948 misere
578 2881 753 2968 poeniteat;
781 2878 823 2948 nil
852 2881 935 2948 enim
965 2880 1084 2948 bomini
1111 2879 1247 2948 deterius
1272 2901 1342 2950 6666
1363 2888 1464 2969 661661
1488 2879 1530 2972 fr.
1561 2882 1657 2951 1665
1687 2875 1748 2975 (2).

426 3000 544 3070 Rerum
572 2999 783 3068 humanarum
811 2997 969 3068 mobilitas
997 2999 1175 3068 communis
1201 2973 1364 3088 poetarum
1393 2998 1479 3069 locus
1507 3001 1576 3084 1611,
1604 3001 1771 3090 616661666
1791 3003 1904 3090 tragi-

378 3140 498 3203 corum,
526 3117 642 3208 qnibus
671 3139 780 3208 regum
807 3138 844 3187 ac
871 3121 1043 3208 potentium
1057 3119 1222 3187 hominnm
1236 3139 1328 3188 casus
1347 3120 1548 3210 afflictaeque
1567 3120 1709 3188 fortunae
1728 3121 1904 3189 materiem

376 3238 554 3310 fabularum
584 3236 779 3328 praebebunt
808 3236 868 3331 (3),
898 3235 937 3306 bt
963 3240 1098 3306 manime
1126 3239 1268 3307 omnium
1301 3238 1454 3327 Euripidi,
1485 3240 1576 3308 cuins
1611 3241 1763 3308 sententia
1798 3240 1902 3308 modo

377 3359 421 3427 dii
453 3358 619 3429 beatorum
653 3366 769 3426 sortem
807 3360 994 3446 necopinato
1026 3367 1209 3446 pervertunt
1242 3356 1284 3450 fr.
1315 3357 1404 3442 516,
1440 3357 1614 3447 aliqnando
1650 3378 1700 3427 res
1728 3378 1905 3449 prosperas

374 3477 515 3548 adversis
541 3486 735 3547 commutant
762 3476 858 3545 Andr.
875 3477 964 3559 361,
980 3474 1023 3568 fr.
1045 3475 1127 3557 216,
1146 3478 1311 3567 616611616
1330 3476 1454 3546 16611166
1474 3479 1684 3548 6661611166
1704 3485 1901 3547 6166166616

376 3597 485 3666 1161661
507 3595 549 3689 fr.
578 3597 661 3678 621;
683 3595 776 3664 modo
801 3597 948 3679 Fortuna,
970 3598 997 3665 si
1016 3596 1143 3685 quidem
1164 3597 1225 3665 1166
1242 3606 1299 3680 661,
1320 3604 1504 3684 perpetuam
1523 3597 1706 3666 eorumdem
1724 3597 1904 3674 bominum

378 3718 563 3786 societatem
594 3725 748 3805 pertaesa,
787 3714 910 3784 mobilis
943 3723 974 3783 61
1000 3716 1087 3783 varia
1121 3735 1174 3784 eos
1207 3715 1324 3784 deserit
1348 3714 1390 3808 fr.
1422 3717 1529 3784 11168.
1558 3714 1682 3801 Quibus
1709 3717 1786 3785 locis
1813 3716 1907 3786 inter

377 3857 411 3906 se
437 3838 628 3924 comparatis
647 3835 763 3904 lrnstra
782 3855 917 3924 quaeras
936 3835 987 3903 cni
1007 3836 1204 3924 potissimum
1223 3836 1386 3923 Euripides
1406 3853 1513 3904 rernm
1534 3837 1720 3905 mutationes
1738 3834 1904 3920 tribuerit,

378 3963 484 4024 utrum
512 3963 600 4023 certo
627 3974 663 4022 ac
692 3953 822 4043 provido
850 3954 982 4022 deornm
1001 3953 1134 4023 oonsilio
1154 3975 1193 4022 an
1215 3956 1412 4022 fortuitorum
1439 3963 1607 4026 eventuum
1646 3955 1808 4023 temeritati
1829 3948 1907 4050 (1).

379 4075 488 4176 ltaque
513 4073 609 4174 modo
637 4073 854 4164 prouidentiae
880 4073 1012 4140 deornm
1040 4072 1179 4140 conlisus
1198 4082 1370 4158 recreatur,
1386 4075 1479 4144 modo
1499 4076 1652 4144 varietate
1672 4083 1766 4181 atque
1784 4076 1911 4142 incon-

414 4387 445 4454 111
465 4387 538 4442 Eum
557 4385 652 4441 locum
664 4385 838 4456 Dindoriius,
853 4387 1224 4462 66661666616611666166,
1239 4387 1367 4456 Euripidi
1379 4388 1534 4444 abiudicat.
1551 4388 1621 4444 Mihi
1635 4403 1702 4446 uero
1717 4390 1907 4456 Anaxagorae

381 4473 540 4529 doctrinam
565 4472 680 4527 ridetur
706 4471 843 4539 redolere,
871 4475 919 4545 qni
946 4474 1056 4528 semina
1081 4473 1212 4529 omnium
1239 4488 1335 4529 rerum
1359 4475 1389 4528 in
1409 4476 1524 4529 aethere
1550 4474 1710 4530 collocabat
1733 4481 1763 4529 61
1780 4489 1845 4530 cum
1869 4474 1906 4528 iis

379 4558 472 4614 verbis
494 4557 657 4625 6011116Πί111,
682 4573 756 4628 qliae
778 4564 848 4614 sunt
865 4559 902 4626 ft'.
921 4558 983 4615 836:
1003 4571 1076 4628 χωρεῖ
1100 4560 1199 4610 δ’ὀπίσω
1223 4566 1254 4610 τὰ
1271 4566 1314 4624 μὲν
1333 4561 1357 4610 ἐκ
1375 4567 1444 4624 γαίας
1463 4563 1567 4630 φύντέἰς
1584 4571 1659 4628 γαῖαν,
1677 4565 1708 4611 τὰ
1726 4562 1904 4628 δ’ἆπάἰθερίου

378 4648 513 4716 picardum
528 4655 595 4706 γονῆς
613 4646 642 4700 εἰς
660 4644 764 4712 οὐράνιον
779 4647 849 4694 πάλιν
867 4645 928 4702 ἦλθε
946 4649 1028 4716 πόλον,
1047 4651 1140 4700 θνήσκει
1154 4646 1172 4695 δ’
1180 4647 1244 4695 οὐδὲν
1255 4655 1301 4697 τῶν
1312 4653 1457 4714 γιγνομὲνων,
1471 4649 1641 4716 διακρινόμενον
1654 4648 1673 4697 δ’
1677 4647 1738 4697 utto
1759 4653 1814 4716 πρὸς
1828 4647 1905 4698 ἄλλον

379 4736 468 4800 puppim
481 4732 559 4797 dripere
579 4730 699 4788 ἐπέδειξεν,

415 4815 446 4881 td)
466 4814 628 4870 Senectutis
647 4813 875 4870 imbecillitatem
895 4831 961 4871 curn
978 4815 1102 4884 66611116
1120 4821 1267 4886 6611166161
1279 4815 1378 4870 desch.
1398 4817 1490 4886 116616.
1501 4816 1540 4883 76,
1551 4816 1715 4872 cautionem
1736 4814 1905 4890 landat5843

380 4899 562 4956 incommoda
575 4905 715 4954 memorat
728 4899 861 4969 Sophocl.
883 4899 910 4954 0.
921 4905 949 4955 G.
963 4899 1035 4965 1211,
1051 4900 1125 4969 1235,
1140 4916 1275 4955 unacum
1290 4899 1403 4956 levitate
1416 4902 1587 4973 iuuentutis,
1609 4900 1680 4969 1236
1695 4916 1814 4971 6616616
1827 4907 1906 4957 6616-

381 4991 440 5041 1616
458 4984 664 5056 laboribusque
682 4983 812 5050 confecta
830 4999 895 5040 cum
925 4983 1027 5038 umbra
1052 4985 1127 5052 furni
1146 4991 1292 5054 comparat
1317 4987 1386 5041 Phil.
1410 4987 1470 5058 915,
1497 4987 1595 5060 ibique
1614 4991 1636 5040 et
1655 4987 1683 5042 0.
1703 4987 1733 5043 C.
1751 4987 1799 5043 116
1818 4989 1905 5039 situla

381 5069 513 5142 66661161.
647 5127 652 5132 ,

416 5156 451 5227 13)
463 5156 539 5212 Haeo
552 5155 629 5210 inter
642 5155 735 5210 multa
747 5171 920 5212 memorasse
932 5156 1003 5210 66116
1017 5155 1117 5210 luerit:
1132 5157 1233 5212 desub.
1247 5159 1294 5224 dp.
1307 5156 1386 5225 istm
1400 5155 1486 5227 Sopb.
1501 5159 1541 5212 dt.
1564 5157 1621 5227 125,
1639 5159 1676 5226 sr.
1689 5157 1728 5230 16,
1750 5159 1778 5213 0.
1798 5159 1825 5214 li.
1838 5158 1904 5215 1155

382 5241 444 5297 esd.
456 5240 514 5312 566,
533 5241 592 5313 608,
610 5242 702 5296 maen.
715 5241 777 5308 9433
800 5240 913 5296 Pindari
933 5239 1031 5296 nobile
1053 5240 1126 5296 illud
1146 5248 1271 5302 6611611
1290 5244 1347 5312 ὄναρ
1368 5243 1488 5312 ἄνθρωπος
1507 5245 1583 5310 Pullo.
1603 5243 1629 5311 8,
1648 5243 1688 5299 95.

417 5327 450 5394 111
471 5329 568 5400 deque
586 5326 769 5384 6666616166
788 5333 892 5397 66166.
918 5325 1014 5382 Horat.
1042 5341 1126 5381 corno.
1154 5327 1176 5394 1,
1196 5327 1227 5382 31
1252 5349 1262 5378 l
1280 5327 1356 5386 valet
1375 5328 1433 5383 ima
1454 5329 1580 5385 summis
1598 5333 1755 5394 1661616...
1785 5329 1866 5388 deus.
1878 5369 1899 5384 ..

384 5411 455 5470 hinc
473 5411 584 5483 apicem
604 5427 691 5484 166611
710 5411 835 5468 Fortuna
854 5411 984 5482 sustulit,
1003 5415 1056 5466 cst.
1075 5433 1085 5458 ι
