4010 6172
84 409 223 520 serent,
251 438 437 526 quantavis
464 439 553 507 lieret
572 436 772 526 eloquentiae
789 444 820 507 et
842 455 936 526 quam
966 432 1099 504 multum
1126 435 1253 505 dicendi
1282 435 1423 506 facultati
1452 435 1641 507 tribueretur

110 554 203 625 lacile
230 564 278 626 est
305 556 344 625 ad
373 555 624 644 intelligendum.
653 552 743 640 Quae
761 558 787 626 si
806 555 876 645 quis
901 573 1005 643 aequa
1034 561 1137 624 mente
1157 573 1195 623 ac
1214 555 1283 624 sine
1310 555 1413 625 studio
1441 557 1640 646 reputaverit,

110 675 140 744 ei
158 677 250 745 aetati
268 677 438 748 admodum
458 684 668 747 consentanea
685 677 780 746 luisse
798 673 859 745 sibi
877 673 1065 764 persuadeat
1082 693 1183 764 eoque
1201 681 1422 764 spectassent
1440 675 1637 763 hnmanitas,

113 797 239 887 proprio
266 796 403 885 quodam
433 798 526 867 unius
555 782 661 886 populi
689 794 795 866 colore
822 803 931 881 exuto,
951 793 1037 866 uelut
1060 786 1197 864 vinculis
1218 795 1387 884 perruptis,
1405 792 1500 864 latius
1520 807 1641 885 pateret

112 924 144 984 et
173 916 213 984 ad
243 915 478 987 universitatem
497 917 625 986 humani
644 917 768 1004 generis
788 915 1091 986 accommodaretur.
1107 912 1260 984 Homines
1288 933 1362 983 vero
1382 915 1435 1004 qui
1456 923 1522 985 tum
1541 927 1638 1003 erant,

113 1055 211 1125 quum
230 1035 444 1125 intelligerent
461 1031 571 1106 divina
590 1045 685 1126 atqua
705 1035 845 1106 humana
863 1017 1116 1126 impla'quadam
1135 1034 1288 1123 pravitate
1302 1014 1428 1104 misceri
1447 1043 1480 1106 at
1497 1056 1640 1128 eaquae

113 1155 272 1225 maiorum
299 1155 452 1224 memoria
477 1164 585 1225 sancta
611 1156 751 1240 luissent,
770 1155 897 1226 relutari
917 1153 1169 1243 necquidquam
1190 1154 1284 1242 prisci
1305 1154 1457 1244 temporis
1485 1157 1639 1248 reliquum

112 1293 196 1357 essa,
224 1274 308 1364 quod
337 1275 401 1344 iam
428 1284 559 1364 agentes
586 1274 634 1345 vel
662 1275 838 1364 cogitantes
862 1283 1081 1364 sequerentur,
1107 1291 1184 1362 erga
1217 1273 1365 1342 recentes
1392 1271 1551 1345 doctrinas
1578 1276 1639 1346 ad-

111 1413 223 1463 versos
241 1394 362 1464 animos
378 1392 530 1482 gerebant
546 1405 576 1464 et
594 1395 713 1485 patriae
732 1396 879 1466 timentes
907 1393 1023 1465 labanti
1042 1392 1229 1484 disciplinae
1248 1393 1368 1483 aliquid
1387 1395 1517 1464 remedii
1545 1396 1639 1466 adhi-

112 1512 189 1583 bere
216 1512 422 1612 conabantur.
442 1512 536 1600 Quod
554 1513 679 1585 duobus
702 1515 805 1586 modis
823 1516 941 1586 lactum
960 1525 1016 1584 est.
1047 1513 1184 1583 Fuerunt
1200 1513 1286 1582 enlm
1304 1514 1360 1604 qul
1379 1534 1505 1584 ornnem
1534 1536 1640 1586 rernm

111 1633 287 1703 doctrinam
306 1635 511 1724 repudiantes
530 1632 820 1704 nilimmutandum
847 1642 1031 1716 conserere
1049 1632 1138 1704 alteri
1158 1653 1256 1723 quum
1276 1651 1462 1723 persuasum
1490 1633 1640 1706 haberent

111 1755 181 1823 lieri
209 1774 270 1823 non
299 1774 391 1844 posse
411 1763 445 1824 ut
462 1755 567 1845 prisca
593 1756 770 1824 animorum
798 1755 983 1842 simplicitas
1003 1754 1072 1823 ullis
1091 1752 1210 1824 artibus
1229 1762 1439 1836 revocaretur,
1466 1763 1580 1826 cuncta
1606 1759 1638 1826 in

111 1895 262 1964 praeceps
288 1893 380 1945 ruere
408 1875 568 1958 sentirent
605 1876 634 1944 in
669 1877 738 1965 ipsa
764 1884 876 1945 natura
908 1877 1073 1945 unirersas
1099 1872 1257 1944 sentiendi
1293 1881 1324 1941 et
1360 1873 1522 1944 iudicandi
1550 1885 1639 1948 notas

110 1995 346 2082 quaesiverunt,
373 1991 490 2083 quibus
517 1993 680 2062 hominum
708 1994 848 2064 societati
877 2014 992 2092 novum
1021 2001 1173 2082 ponerent
1190 1992 1439 2062 fundamentum.
1460 1992 1558 2065 Nemo
1577 2016 1639 2067 non

109 2116 173 2182 scit
201 2112 443 2204 Aristophanem
471 2115 561 2203 patrii
583 2116 680 2183 moris
707 2115 898 2183 acerrimum
925 2114 1125 2183 defensorem
1152 2114 1183 2182 in
1211 2130 1305 2182 scena
1322 2114 1496 2196 exstitissa;
1524 2114 1640 2186 alteras

110 2243 219 2322 partes
246 2242 399 2324 sequutus
427 2241 475 2303 est
500 2233 649 2303 Socrates
675 2233 795 2323 quique
827 2233 868 2303 ah
899 2253 937 2303 eo
971 2233 1101 2304 instituti
1129 2233 1303 2322 sapientiae
1330 2231 1425 2302 laude
1452 2235 1639 2306 floruerunt.

110 2353 246 2443 Utrique
273 2354 402 2436 trustra;
420 2373 459 2423 ea
478 2355 560 2422 enirn
581 2361 628 2422 est
648 2361 758 2423 natura
776 2373 883 2423 rernm
912 2354 1134 2434 humanarum,
1153 2371 1237 2441 qnae
1255 2351 1311 2422 diu
1331 2354 1448 2448 servari
1471 2365 1640 2444 nequeant,

111 2475 170 2542 nisi
200 2493 283 2563 quae
312 2482 454 2564 tempora
481 2473 582 2542 lerant
607 2473 801 2562 excipientes
833 2482 864 2543 et
892 2474 921 2542 ln
957 2492 1055 2543 nonos
1083 2493 1188 2542 mores
1216 2491 1361 2561 notaque
1387 2474 1531 2543 instituta
1556 2475 1640 2545 lente

110 2603 143 2663 et
170 2595 257 2684 quasi
284 2590 436 2681 gradibus
463 2591 625 2676 abeuntes,
653 2611 736 2682 qnae
765 2595 803 2662 iis
830 2595 1005 2684 praecipua
1024 2612 1062 2662 ac
1080 2592 1225 2663 subiecta
1250 2593 1314 2660 sint
1340 2593 1432 2661 firma
1458 2601 1553 2682 atque
1579 2596 1640 2664 lm-

115 2723 203 2782 mota
230 2711 427 2803 temporibus
465 2720 634 2802 praestent.
661 2709 754 2811 Quod
795 2731 907 2782 omues
942 2721 1051 2800 gentes
1092 2713 1121 2780 ln
1150 2705 1328 2799 Anglorum
1361 2710 1453 2782 rebus
1482 2733 1544 2782 non
1573 2717 1640 2784 sina

108 2833 270 2903 desiderio
290 2833 496 2902 admirantur.
511 2829 601 2916 Quod
621 2833 646 2900 sl
666 2833 705 2900 iis
725 2833 908 2922 opinionum
936 2832 1123 2902 commentis
1143 2839 1317 2916 teneantur,
1335 2851 1418 2920 quae
1437 2842 1493 2901 aut
1513 2853 1639 2925 semper

107 2952 223 3022 eadem
250 2953 368 3023 serrari
396 2962 450 3023 aut
476 2952 608 3022 dissolri
637 2969 767 3021 necesse
797 2952 846 3035 sit,
865 2961 1009 3022 netarum
1037 2970 1251 3040 nonarumque
1279 2972 1386 3021 rerum
1413 2951 1636 3023 conciliatione

107 3081 240 3154 remota,
272 3073 418 3142 civitates
454 3073 622 3142 contrariis
661 3072 775 3140 studiis
808 3071 1027 3142 velut'rerum
1054 3069 1202 3140 fluctibus
1237 3073 1370 3140 iactatae
1398 3069 1583 3141 obruuntur.

159 3191 221 3260 Sed
249 3192 337 3274 haec,
365 3200 398 3259 nt
416 3193 479 3260 iarn
497 3190 645 3274 diximus,
668 3190 825 3280 usquead
850 3188 970 3260 ballum
990 3191 1291 3280 peloponnesiacum
1311 3191 1441 3259 interius
1464 3193 1633 3278 agitantur,

106 3321 204 3400 atque
231 3319 266 3380 ιιι
294 3310 391 3380 multa
416 3320 498 3394 sunt,
526 3331 664 3400 qnorum
690 3312 812 3399 species
840 3311 960 3379 diutius
987 3331 1081 3398 qnam
1110 3314 1156 3378 vis
1182 3331 1219 3378 ac
1248 3294 1359 3378 natura
1386 3312 1505 3378 serrari
1525 3312 1635 3398 soleat,

108 3451 169 3500 nec
196 3430 323 3501 Phidiae
350 3432 439 3520 signa
465 3450 523 3500 nec
550 3428 714 3520 Sophoclis
741 3430 923 3519 tragoediae
955 3450 1137 3519 quenquam
1167 3432 1197 3498 in
1233 3431 1445 3518 suspicionem
1475 3431 1636 3501 adducant

108 3550 210 3620 multa
237 3552 298 3620 lam
326 3559 391 3620 tum
418 3552 585 3619 immutata
610 3549 709 3619 luisse
735 3569 754 3617 a
780 3559 920 3639 ternpore
949 3552 1156 3634 maratlronio,
1185 3551 1268 3638 qnod
1297 3547 1525 3638 Aristophanes
1543 3551 1638 3621 abso-

107 3670 209 3740 lutum
236 3671 358 3740 virtutis
398 3671 561 3761 exemplar
598 3667 849 3739 Atheniensibus
889 3673 1059 3759 proposuit.
1105 3670 1231 3739 Primus
1271 3669 1411 3737 omnium
1453 3669 1635 3760 Euripides,

107 3809 260 3859 nouorum
301 3800 477 3879 temporam
518 3791 608 3880 quasi
651 3807 782 3876 praeco,
814 3807 897 3878 quae
940 3788 1116 3878 philosophi
1154 3787 1311 3858 umbratili
1354 3808 1451 3877 opera
1491 3789 1633 3859 meditati

107 3909 277 3978 fuerantet
304 3929 377 3979 cnm
406 3911 522 3997 anigno
550 3909 737 3984 auditorum¹
759 3928 891 3978 numero
916 3910 1232 3978 communicaverant
1260 3904 1313 4005 (l)
1344 3913 1373 3979 in
1404 3929 1508 3977 rerum
1531 3912 1633 3980 lucem

108 4029 250 4115 prolerre
277 4049 374 4098 ausus
402 4038 463 4114 est3
492 4029 612 4117 primus
626 4026 835 4098 Athenienses
848 4027 1010 4096 admonuit
1029 4045 1088 4095 nec
1108 4047 1174 4096 rem
1193 4027 1353 4118 publicam
1375 4051 1434 4098 nec
1456 4030 1634 4118 religiones,

107 4161 188 4234 quas
215 4143 435 4212 amatoribus
462 4145 669 4233 accepissent,
698 4163 754 4212 eas
781 4163 859 4224 esse,
891 4144 922 4210 in
950 4141 1068 4230 quibus
1096 4144 1284 4232 sapientium
1312 4146 1407 4214 animi
1448 4147 1634 4235 acquiesce-

107 4272 178 4332 rent
217 4271 248 4333 et
287 4265 454 4333 hominnm
494 4265 628 4332 societas
667 4263 787 4332 diutins
829 4263 1055 4344 contineretur,
1098 4262 1156 4333 sed
1195 4263 1294 4335 multa
1328 4285 1397 4334 asse
1430 4268 1634 4352 immutanda,

106 4381 206 4451 multa
231 4383 441 4472 susciptenda.
468 4381 564 4452 allam
591 4402 696 4452 rerum
723 4380 946 4457 condicionem
974 4381 1208 4466 instituendam,
1247 4405 1329 4473 qnae
1357 4403 1419 4453 uon
1446 4386 1633 4476 antiquitate

105 4501 160 4570 sed
190 4501 318 4586 iudicio,
347 4520 407 4571 non
434 4503 584 4593 opinione
610 4502 667 4572 sed
684 4503 840 4592 sapientia
866 4512 1040 4591 regeretur.
1070 4501 1115 4572 lla
1133 4502 1191 4572 luit
1210 4502 1373 4594 Euripidis
1399 4506 1568 4596 praecipua
1587 4508 1634 4576 ris

138 4771 172 4838 tlt
191 4769 223 4827 ld
242 4775 304 4828 tum
318 4785 415 4828 rerum
427 4767 590 4827 subtilitate
603 4777 665 4828 tum
681 4765 793 4828 invidia
804 4767 882 4842 vulgi
902 4770 1008 4828 lactum
1028 4783 1090 4826 esse
1109 4765 1150 4826 ait
1159 4766 1332 4826 Plutarchus
1344 4767 1398 4826 llic.
1414 4766 1457 4840 23,
1468 4768 1519 4828 ubi
1534 4777 1633 4828 narrat

102 4871 189 4929 quam
202 4856 384 4927 perturbatus
398 4855 485 4914 luerit
496 4857 588 4914 llicias
608 4857 763 4928 improuisa
780 4856 869 4912 lunae
887 4857 1058 4922 delectione,
1077 4857 1161 4913 culus
1178 4870 1295 4912 caussas
1314 4857 1469 4927 ignorares
1482 4863 1493 4910 t
1504 4865 1552 4928 ,pap
1568 4869 1633 4928 προ-

101 4963 142 5002 τος
159 4950 304 5011 οαριοτατον
322 4950 361 4994 καὶ
380 4947 579 5014 θαρραλεώτατον
603 4950 657 5014 nupt
679 4949 774 5002 σελήνας
800 4954 971 5009 καταυγασμῶν
994 4950 1033 4994 και
1052 4949 1114 5001 σκιᾶς
1134 4947 1203 5007 λόγον
1218 4946 1249 5001 εἰς
1266 4951 1356 5013 γραρὴν
1380 4941 1539 5010 νιαταθὶμινοα
1557 4945 1631 4996 'Aaou

101 5034 202 5098 ξαγορας
228 5028 277 5082 οὔτ’
290 5030 358 5088 αὐτὸς
376 5030 403 5088 ἦν
421 5033 521 5088 παλαιὸς
539 5028 592 5082 οὔτε
610 5033 622 5080 ὃ
641 5032 708 5094 λόγος
726 5029 830 5099 ἔνδοξος,
850 5031 906 5080 c’tll’
918 5032 1045 5100 ἀπόρρητος
1062 5030 1096 5080 ἔτι
1109 5035 1147 5081 aod
1160 5031 1188 5080 δι’
1205 5027 1290 5093 ὀλίγων
1306 5035 1346 5080 καὶ
1367 5035 1418 5095 μετ’
1431 5030 1554 5092 adhaesisse
1570 5036 1632 5088 τινος

80 5159 84 5163 ,
99 5118 113 5172 ἦ
131 5121 229 5174 πίστεως
250 5117 360 5187 βαδίζων.
388 5117 415 5169 οὗ
440 5123 485 5186 γὰρ
503 5120 607 5180 ἠνείχετο
625 5121 678 5172 τοὺς
697 5121 803 5186 φυσικοὺς
821 5124 859 5166 καὶ
876 5120 1071 5185 μιτιονρολέτχας
1086 5121 1139 5167 τότε
1158 5119 1325 5185 καλουμένους,
1345 5121 1375 5174 ὡς
1391 5119 1421 5174 εἰς
1434 5119 1513 5173 αἰτίας
1532 5117 1632 5180 ἀλόγους

98 5207 139 5252 καὶ
156 5203 263 5267 δυνάμεις
280 5204 424 5273 ἀπορρήτους
441 5210 480 5254 καὶ
498 5207 706 5268 κατηναγκασμένα
728 5207 795 5261 πάθη
808 5203 968 5272 διατριὸοντοις
985 5208 1012 5254 το
1028 5210 1101 5272 θεῖον,
1114 5203 1178 5252 ἀλλὰ
1197 5207 1236 5252 dori
1254 5206 1401 5272 Προταγόρας
1418 5202 1487 5273 ἔρνρα
1505 5210 1545 5254 και
1561 5199 1633 5254 Ἀνα-

97 5291 200 5364 ζαγρραν
222 5290 344 5358 ιίρχθιντοι
361 5291 429 5354 μόλις
447 5296 624 5360 παριαιιοιήοατο
641 5291 765 5359 Πιροιλῆς·
784 5295 823 5341 καὶ
842 5293 978 5359 Σωκράτης,
996 5289 1060 5340 οὐδὲν
1084 5288 1147 5358 αὐτῷ
1161 5297 1207 5339 τῶν
1223 5307 1249 5352 γα
1277 5291 1387 5340 τοιούτων
1411 5300 1535 5360 τιροοιιοιον1
1559 5287 1627 5354 ὅμως
1742 5347 1744 5349 ,

96 5376 206 5428 ἀπώλετο
226 5375 263 5427 διὰ
281 5379 437 5449 palocopiam.
