4010 6172
752 306 925 371 ..9...

66 464 192 524 eventu
218 452 266 524 vel
295 454 467 536 infortunio
495 451 641 543 obsequii
680 476 717 525 oc
744 457 868 547 pietatis
907 461 1084 529 immemori
1113 479 1183 530 esse
1211 459 1294 544 licet,
1323 467 1358 529 ut
1383 461 1602 551 superioribus

66 574 177 661 iisque
204 575 328 663 optimis
356 575 476 643 naturis
501 583 687 645 succenseat
711 574 753 668 fr.
784 578 891 647 4963.
919 579 998 649 Nam
1026 579 1176 669 pleraque
1205 579 1297 664 mala,
1316 579 1431 670 quibus
1458 581 1602 654 homines

67 703 239 777 vexantur,
266 695 325 783 ipsi
352 692 412 765 sibi
436 702 548 785 parant
574 695 625 765 rel
653 705 783 766 naturae
811 699 1053 771 necessitatibus
1081 702 1290 785 continentur,
1317 720 1421 790 neone
1448 701 1488 774 nd
1517 704 1601 773 iniu-

65 814 188 916 stitiam
216 815 347 884 deorum
375 815 431 884 sed
458 814 499 885 ad
526 834 632 884 rerum
659 815 868 886 humanorum
897 818 1169 918 perturbationem
1196 839 1234 890 ac
1261 818 1412 891 malitiam
1434 822 1601 893 reserenda

64 943 155 1016 sunt,
180 930 221 1025 sr.
251 935 334 1005 609.
363 934 515 1006 Homines
542 956 617 1007 vero
645 945 764 1006 tantum
793 935 881 1007 abest
906 946 941 1007 ut
966 960 1001 1011 se
1028 942 1089 1031 ipsi
1115 948 1275 1026 accusent,
1293 949 1329 1010 ut
1355 962 1517 1033 nunquam
1535 962 1598 1014 non

64 1056 132 1125 diis
161 1056 382 1145 malignitatem
409 1075 447 1124 ac
474 1055 638 1146 perfidiam
665 1055 814 1126 obiiciant
836 1058 878 1153 [ν.
909 1061 982 1133 956
1012 1053 1076 1155 (l).

49 1145 55 1182 ³
121 1175 170 1246 Er
197 1176 246 1244 bis
271 1174 348 1244 locis
375 1176 509 1264 aliisque
537 1175 665 1247 huiusce
694 1177 776 1247 modi
807 1161 1020 1270 intelligimus,
1057 1178 1172 1270 quibus
1207 1179 1372 1252 ellectibns
1406 1201 1444 1252 ac
1471 1183 1598 1268 indiciis

66 1298 210 1366 maxima
235 1315 308 1385 pars
335 1295 511 1382 bominum,
544 1297 597 1384 qui
633 1306 696 1366 tum
735 1308 835 1384 erant,
873 1309 1024 1385 uteretur,
1062 1298 1385 1391 iisdem-Euripidem
1413 1301 1497 1373 baud
1526 1323 1596 1375 raro

64 1414 283 1505 obsequntem
310 1433 392 1498 esse;
421 1389 701 1505 quorumquanta
726 1419 776 1486 vis
802 1391 978 1510 esset'ipse
1006 1421 1049 1490 ait
1075 1417 1188 1492 Horeb.
1218 1421 1307 1494 200:
1450 1389 1456 1398 ¹

498 1614 574 1678 οὐδὲν
596 1615 780 1703 σοφιζόμεὲοι
801 1620 872 1682 reios
895 1619 1030 1695 δαίμοσι·

423 1755 427 1764 ·
495 1734 626 1818 πατρίους
647 1736 817 1820 παραδοχὰς
838 1739 872 1810 οἷς
893 1738 1068 1816 θ’ὁμίολικας
1087 1739 1183 1820 χρόνον

497 1856 666 1940 κεκτήμεθ’,
689 1857 779 1931 οὐδεὶς
797 1858 885 1932 αὐτὰς
903 1859 1064 1924 καταβαλεῖ
1081 1859 1170 1943 λὸγος

519 1979 552 2042 ’Bi
576 1982 583 2000 θ
628 1979 633 2002 i
659 1979 672 2001 ΙΙ
784 1979 789 2000 l
870 1980 875 2001 l
933 1980 942 2004 Ι
1121 1984 1135 2002 ft

496 2004 527 2042 ον
561 2003 584 2042 ει
601 1979 626 2048 δι
653 2003 745 2062 ακροον
760 2003 791 2042 το
807 1997 891 2067 σοφον
906 1984 1024 2063 obponat
1043 1999 1162 2066 φρενοον.

119 2185 210 2271 Quae
237 2186 389 2276 patientia
407 2205 444 2253 ac
471 2184 679 2253 mansuetudo
706 2202 767 2253 non
786 2183 841 2253 illa
860 2183 988 2272 quidem
1008 2191 1056 2252 est
1073 2183 1180 2252 sedata
1199 2191 1230 2252 et
1250 2184 1389 2253 incunda
1406 2184 1595 2276 sopbocleae

67 2289 195 2390 mentis
220 2305 275 2373 sed
305 2306 393 2373 iracti
421 2304 611 2394 demissione
638 2305 733 2371 animi
762 2303 922 2384 indicium,
942 2323 980 2372 er
1007 2302 1155 2372 fluctibns
1174 2306 1414 2373 contentionum
1436 2305 1591 2395 tranquil-

65 2425 184 2494 litatem
213 2425 402 2513 quaerentis.
431 2424 467 2495 ld
486 2426 568 2493 enim
590 2425 646 2491 luit
664 2423 820 2512 Euripidis
839 2423 1012 2510 ingenium,
1032 2423 1117 2512 quod
1144 2442 1250 2492 rerum
1270 2423 1482 2494 humanarum
1502 2426 1594 2497 turba

64 2555 162 2634 atque
179 2544 362 2631 indignitate
378 2565 440 2636 non
459 2542 549 2611 inodo
563 2544 698 2629 graviter
716 2552 976 2644 commoreretur,
991 2543 1045 2610 sed
1061 2561 1189 2612 caussas
1205 2551 1414 2632 auctoresque
1429 2547 1592 2636 inquirens

68 2667 274 2735 vehementer
299 2666 505 2733 inveberetur·
519 2672 551 2731 et
564 2661 744 2732 acerbitatis
772 2664 857 2731 rirns
885 2671 1055 2732 evomeret.
1075 2662 1146 2748 Qua
1174 2665 1203 2730 in
1233 2664 1348 2753 requi
1375 2665 1445 2736 lieri
1472 2676 1593 2758 poterat

66 2796 99 2854 ut
128 2805 148 2854 a
175 2786 236 2854 diis
263 2784 457 2855 abstineret?
486 2785 534 2852 Dii
562 2785 646 2852 euim
682 2784 838 2852 humanas
869 2802 919 2852 res
952 2783 990 2850 ad
1027 2784 1127 2852 exitus
1161 2781 1312 2852 obscuros
1353 2793 1384 2854 et
1415 2785 1592 2876 inopinatos

63 2905 256 2994 perducunt,
283 2925 362 2995 qnos
390 2923 448 2973 uec
476 2904 662 2992 praesentiri
690 2923 748 2972 nec
775 2905 866 2972 vitari
894 2893 993 2972 liceat'
1012 2896 1077 2999 (9);
1110 2903 1163 2992 qui
1193 2923 1291 2993 quom
1319 2903 1439 2974 viribus
1466 2925 1504 2976 ac
1533 2927 1593 2997 po-

65 3027 167 3094 tentia
194 3027 373 3115 superiores
399 3026 470 3100 sint,
493 3025 664 3093 innumeris
691 3023 926 3093 cavillationum
955 3023 1054 3091 modis
1077 3021 1230 3092 mortales
1256 3022 1422 3113 decipiunt
1444 3023 1487 3118 fr.
1509 3027 1591 3112 995,

64 3165 241 3233 eorumque
269 3146 383 3212 animis
410 3142 556 3213 tenebras
584 3141 783 3212 effundentes
810 3141 849 3211 ad
879 3143 1009 3210 exitium
1038 3140 1218 3232 impellnnl;
1246 3144 1365 3232 utinam
1392 3143 1469 3215 dens
1495 3165 1593 3217 exse·

63 3267 149 3333 orari
177 3264 289 3334 liceret
315 3261 408 3354 llipp.
441 3264 504 3332 lli
519 3263 548 3332 4.
567 3262 598 3331 Si
627 3263 698 3350 quis
725 3263 912 3350 peccaverit,
932 3261 985 3343 dii,
1006 3263 1058 3350 qui
1074 3261 1161 3350 leges
1185 3261 1368 3332 mortalibus
1387 3265 1593 3354 scripserunt,

63 3383 103 3454 ab
134 3404 174 3454 en
202 3405 318 3474 poenas
345 3393 488 3470 sumunt;
509 3385 561 3470 qui
590 3382 716 3451 demum
745 3401 881 3470 aequum
902 3390 949 3451 εει
967 3383 1051 3471 ipsos
1069 3380 1287 3451 violandarum
1307 3382 1414 3470 legum
1444 3394 1592 3456 auctores

63 3505 160 3574 esse?
186 3501 256 3572 lon.
289 3502 370 3588 ltu,
399 3512 430 3573 et
456 3503 608 3585 hominm,
631 3504 685 3590 qui
715 3501 791 3596 deos
810 3502 979 3582 imitentur,
1000 3499 1209 3590 improbitatis
1228 3503 1412 3593 insimulari,
1433 3524 1496 3574 non
1514 3505 1592 3576 deos

62 3626 234 3712 ipsosqui
263 3625 338 3692 vitia
365 3622 522 3692 doceant?
549 3618 618 3689 lon.
654 3620 734 3690 449.
763 3620 824 3706 Oui
853 3623 878 3690 si
907 3621 1071 3689 hominum
1105 3622 1205 3690 minas
1237 3607 1299 3690 non
1334 3632 1458 3709 curant,
1486 3632 1591 3694 lamen

63 3746 129 3832 pari
161 3745 359 3812 contumacia
386 3743 425 3810 iis
454 3762 640 3831 responsare
667 3739 785 3810 doloris
810 3741 1022 3841 levamentum
1051 3750 1099 3810 est
1123 3740 1164 3810 H.
1192 3739 1231 3812 F.
1264 3740 1372 3813 4949.
1404 3741 1592 3835 dmpbitrno

62 3863 132 3932 Juvi
161 3865 260 3932 iratus
284 3867 368 3944 olpsspi
392 3888 431 3940 σε,
455 3863 568 3953 inquil,
593 3873 672 3947 νικῶ,
695 3869 800 3942 θνατὸς
822 3868 861 3930 ὢν
883 3867 952 3930 θεὸν
974 3867 1084 3949 μέγαν·
1104 3868 1208 3942 naidas
1227 3867 1286 3952 γὰρ
1306 3872 1337 3931 οὐ
1354 3868 1507 3953 προῦδωκα
1524 3872 1592 3946 τοὺς

63 3991 244 4072 Ἡρακλέους.
267 3991 312 4054 Σὺ
334 3990 394 4060 δ’ὲς
420 3993 472 4066 μὲν
502 3992 582 4064 εὐνὰς
611 3991 726 4077 κρύφιος
752 3990 863 4053 ιἰπίστω
892 3992 996 4066 μολεῒν,
1025 3993 1175 4071 τάλλότρια
1204 3989 1319 4074 λέκτρα,
1349 3991 1446 4064 δόντος
1473 3993 1592 4069 οὐδενός,

62 4113 172 4188 λαβών,
195 4112 298 4196 σώζειν
320 4111 350 4174 δὲ
371 4110 436 4182 τοὺς
458 4111 523 4184 σοὺς
546 4114 595 4173 οὐκ
617 4113 765 4174 ὲπὶσπαααι
788 4109 899 4197 φίλους.
921 4111 1059 4185 ’Artabris
1081 4133 1125 4183 τις
1146 4111 1171 4171 εἲ
1192 4109 1269 4185 θεὸς,
1288 4111 1305 4172 l
1326 4110 1432 4185 δίκαιος
1447 4116 1497 4176 οὐκ
1511 4113 1590 4200 ἔρος.

63 4236 155 4310 HF.
179 4235 261 4307 349.
276 4239 361 4308 Μοιε
383 4237 536 4308 malorum
556 4239 719 4338 bominum
739 4246 845 4305 vetera
864 4237 966 4323 iurgia
986 4237 1189 4306 recordantes
1208 4237 1251 4306 dii
1271 4247 1340 4328 post
1357 4236 1472 4308 multos
1490 4261 1591 4311 annos

64 4358 179 4429 acerbe
207 4357 411 4432 ulciscuntur.
444 4358 550 4447 ltaque
578 4360 722 4447 quisnam
752 4354 931 4444 Apollinem
960 4357 1134 4446 sapientem
1162 4347 1349 4446 ducat-qni
1377 4359 1471 4429 unius
1505 4363 1590 4430 vocis

64 4499 174 4549 caussa
193 4480 396 4566 commiserit,
417 4488 451 4546 ut
471 4477 608 4568 Pyrrhus
627 4479 657 4545 in
677 4497 733 4546 suo
753 4475 870 4566 templo
897 4477 1148 4545 interficeretur?
1177 4474 1272 4545 Andr.
1302 4480 1412 4560 tto&
1439 4480 1588 4567 quisnam

64 4599 220 4669 lunonem
240 4598 333 4683 colat,
348 4618 430 4688 quae
448 4599 566 4667 veteris
582 4599 715 4666 iniuriae
731 4597 867 4666 stimulis
886 4597 1066 4680 Herculem,
1083 4593 1208 4688 egregie
1223 4597 1264 4666 de
1278 4598 1411 4670 Graecia
1430 4601 1590 4687 meritum,

65 4719 259 4806 perdiderit?
275 4716 316 4788 H.
333 4717 368 4788 F.
386 4717 493 4788 taor.
507 4701 665 4801 Quoniam
680 4716 827 4786 mortales
842 4738 936 4806 saepe
956 4718 1093 4787 eundem
1114 4719 1236 4809 pietatis
1255 4721 1391 4789 fructum
1410 4739 1504 4808 qoem
1525 4739 1591 4789 ma-

65 4837 147 4910 litiae
168 4838 357 4928 percipiunt,
376 4839 513 4928 optimus
531 4836 583 4906 illo
600 4837 724 4928 lupitor
742 4839 828 4907 omni
847 4838 967 4905 iustitia
985 4837 1152 4906 destitutus
1172 4847 1219 4907 est
1234 4837 1275 4930 [r.
1305 4840 1389 4910 899.
1420 4838 1487 4908 lam
1512 4857 1588 4909 vcro

98 5089 127 5156 tlt
146 5087 208 5144 iam
228 5087 367 5143 Homerus
384 5101 569 5142 communem
589 5100 715 5142 errorem
736 5085 831 5156 arguit
843 5087 918 5141 mala
933 5085 1032 5141 omnia
1046 5086 1080 5140 ad
1099 5085 1218 5142 deorum
1238 5085 1375 5141 invidiam
1395 5084 1584 5142 referentium

67 5174 110 5232 Od.
128 5197 153 5244 οι1
173 5173 208 5230 32
222 5165 244 5222 Ιὦ
261 5178 340 5241 πόποι,
359 5173 406 5225 οἷον
425 5175 452 5228 δή
471 5193 496 5223 νυ
510 5179 576 5229 θεοὺς
592 5180 674 5244 βροτοὶ
693 5176 831 5225 αἰτιόωνται.
850 5175 891 5234 Ἐξ
909 5179 984 5238 ἡμέων
1001 5181 1046 5242 γάρ
1061 5193 1116 5243 ροισι
1126 5177 1175 5223 κάκ’
1187 5173 1284 5238 ἔμμεναι
1298 5188 1304 5201 ·
1319 5177 1340 5223 ol
1357 5175 1381 5223 δὲ
1397 5180 1436 5224 καὶ
1447 5174 1514 5224 αὐτοὶ
1527 5184 1587 5244 appi-

66 5263 283 5329 armdrrnrmlt'pnm
300 5262 429 5330 ὑπέρμορον
448 5261 514 5324 ἄλγε’
527 5260 626 5324 ἔχουσιν.
661 5315 663 5320 Ι

98 5345 129 5413 (9)
148 5346 249 5416 ιοοπρε
268 5342 323 5400 alia
339 5351 438 5400 monte
455 5344 566 5400 dixerat
584 5341 740 5414 Aeschylus
758 5344 849 5414 Suppt.
866 5341 908 5399 86.
927 5349 979 5402 Διὸς
996 5347 1074 5412 ἵμεροι
1094 5345 1133 5394 οὐκ
1149 5345 1277 5413 εὐθήρατος
1287 5350 1392 5414 βροτοῖσι
1410 5349 1440 5399 ot
1452 5343 1485 5400 99
1503 5346 1587 5396 tentet

66 5437 106 5502 γὰρ
122 5433 246 5504 πραπίδων
262 5432 349 5486 δάσκιοί
366 5453 390 5487 τι
406 5438 516 5487 τεινονοιν
535 5436 600 5504 πόροι
616 5430 716 5484 κατιδεῖν
735 5431 859 5500 ἄρραοτοι.

1406 5553 1423 5612 9
