4010 6172
782 875 935 944 CAPUT
973 875 1005 942 Ia
1041 874 1104 945 DE
1137 873 1295 944 REBUS
1325 869 1529 944 DIVINIS.

439 1302 563 1394 Triplex
593 1306 720 1374 omnino
746 1327 845 1395 genus
858 1316 905 1376 est
922 1327 1031 1378 earnm
1061 1328 1177 1393 rernm,
1196 1327 1278 1399 quae
1293 1309 1332 1379 44
1352 1307 1429 1380 4444
1448 1314 1594 1398 spectant
1615 1307 1698 1395 apud
1721 1305 1926 1399 Euripidem.

389 1423 467 1492 Sunt
494 1425 577 1493 eninr
604 1445 686 1514 qnae
713 1445 751 1495 44
779 1427 937 1512 communi
963 1427 1103 1518 quadam
1129 1430 1277 1519 opinione
1305 1428 1447 1519 prolecta
1474 1427 1634 1498 bominem
1670 1429 1789 1516 antiqui
1817 1429 1927 1498 moris

388 1563 426 1612 44
453 1544 605 1632 pristinae
632 1546 759 1635 pietatis
791 1545 964 1617 studiosum
997 1547 1142 1618 deceant.
1172 1544 1243 1618 tlte
1277 1556 1447 1639 erumpunt
1480 1547 1657 1620 exanimo
1691 1548 1825 1616 miseriis
1865 1547 1924 1618 vel

387 1660 562 1734 sceleribus
587 1664 716 1736 bnmani
743 1665 865 1753 generis
892 1664 1096 1752 exacerbato,
1123 1668 1199 1739 deos
1224 1676 1396 1739 accusante
1422 1668 1507 1759 quod
1538 1668 1640 1738 144444
1674 1666 1819 1758 opprimi,
1845 1667 1924 1736 im-

389 1777 506 1868 probos
541 1779 687 1850 omnibns
713 1777 805 1850 bouis
831 1781 986 1851 cumulari
1013 1784 1132 1866 sinant3
1172 1781 1290 1874 quibus
1324 1780 1419 1854 rebus
1457 1789 1616 1874 postremo
1646 1780 1768 1852 dubitat
1799 1801 1838 1851 an
1872 1780 1924 1852 dii

387 1900 461 1982 sint,
490 1899 647 1969 interdum
680 1909 781 1990 negat.
823 1901 964 1991 Denique
998 1901 1143 1992 pluribus
1189 1902 1268 1973 locis
1301 1902 1425 1974 divinae
1459 1911 1589 1973 naturae
1637 1904 1795 1973 notionem
1835 1904 1925 1994 petit

389 2038 429 2090 ex
456 2017 660 2110 pbilosopbia,
689 2039 873 2091 communes
898 2020 976 2092 deos
1002 2032 1057 2092 aut
1083 2023 1254 2113 neglegens
1281 2029 1335 2093 aut
1362 2021 1483 2093 tollens.
1510 2022 1598 2094 llaec
1617 2029 1733 2107 tamen,
1753 2028 1922 2112 qnatenus

390 2137 428 2208 de
454 2131 580 2210 fabulae
607 2140 765 2230 cuiusque
793 2150 932 2232 tempore
959 2142 1090 2213 iudicari
1119 2141 1203 2228 11444,
1230 2141 1314 2234 quod
1332 2142 1371 2213 44
1390 2143 1496 2234 paucis
1513 2150 1646 2226 constat,
1666 2161 1728 2212 nou
1750 2161 1796 2227 co,
1816 2161 1921 2232 quem

370 2259 619 2344 constituimus,
645 2261 755 2331 ordine
782 2262 940 2352 descripta
965 2272 1051 2348 sunt,
1079 2271 1111 2333 ut
1137 2282 1210 2333 uum
1237 2263 1390 2333 animoa
1417 2261 1576 2334 veteribus
1595 2262 1636 2334 ad
1655 2282 1736 2332 nora
1757 2261 1919 2332 constanti

391 2386 422 2447 et
448 2377 609 2469 aequabili
636 2389 722 2450 motu
751 2382 940 2472 procedente
967 2369 1142 2473 congruere
1169 2381 1347 2469 videantur,
1373 2383 1430 2453 444
1457 2385 1500 2453 144
1527 2384 1609 2453 14444
1634 2403 1670 2454 44
1692 2383 1860 2454 commixta
1882 2391 1920 2451 et

392 2498 552 2588 implicata
580 2509 613 2570 nt
640 2501 806 2571 ostendant
831 2501 1010 2593 Euripidem
1038 2512 1134 2573 totam
1169 2511 1303 2573 aetatem
1337 2504 1505 2574 contrariis
1535 2503 1701 2573 sententiis
1727 2501 1915 2570 distractam

391 2619 495 2706 egisse
522 2613 586 2715 (1).
614 2619 682 2690 1144
709 2628 741 2690 44
767 2640 806 2691 44
833 2623 1005 2692 norissima
1030 2621 1149 2710 fabula,
1178 2624 1333 2707 Bacchae,
1360 2643 1443 2714 qnae
1470 2632 1591 2693 mortuo
1617 2629 1744 2706 auctore
1776 2621 1918 2712 primum

392 2746 462 2808 acta
488 2747 547 2828 est,
576 2742 773 2810 sanctitatem
799 2743 958 2831 quandam
985 2750 1016 2812 44
1046 2741 1232 2834 religionem
1265 2747 1372 2836 spirat,
1406 2743 1445 2814 ad
1479 2763 1573 2833 quarn
1602 2751 1714 2833 poetae
1741 2743 1803 2812 iarn
1831 2741 1919 2812 senis

392 2878 430 2929 ac
456 2857 509 2927 din
538 2861 686 2951 exagitati
714 2863 832 2931 tractus
859 2864 983 2933 animno
1010 2871 1160 2953 tanquam
1188 2865 1228 2934 44
1256 2873 1381 2957 pontum
1408 2864 1588 2954 confugisse
1615 2841 1770 2934 4144444.Δ

444 2974 490 3050 44
519 2981 654 3070 primunr
681 2979 808 3052 beatum
835 2984 998 3074 praedicat
1023 2985 1078 3075 qni
1105 3005 1181 3056 sana
1199 2995 1302 3057 urente
1329 2993 1457 3056 ornatus
1477 2982 1642 3054 utilitatem
1659 3001 1750 3052 suam
1777 2983 1808 3052 in
1829 2979 1919 3051 cultu

394 3098 526 3169 deorum
554 3102 644 3171 sitnm
671 3121 742 3172 4444
768 3113 896 3173 4444444
919 3101 961 3196 sr.
990 3105 1080 3183 25&
1110 3127 1171 3176 nron
1199 3106 1284 3177 enim
1311 3106 1378 3175 4144
1404 3104 1513 3176 divino
1541 3104 1670 3174 nurnine
1697 3100 1920 3191 laetnsqnis-

393 3239 489 3310 qnam
511 3218 556 3314 fr.
585 3219 683 3291 tort
711 3242 771 3291 non
799 3222 874 3292 44114
892 3244 962 3294 4444
988 3233 1085 3314 queat
1106 3222 1148 3317 sr.
1179 3225 1262 3298 149.
1281 3225 1365 3296 1111411
1384 3221 1679 3295 4144444441444444
1698 3220 1836 3313 prodest,
1852 3221 1918 3290 uisi

394 3338 487 3409 deoru
514 3343 671 3412 torentem
699 3340 954 3436 babeantScppl.
975 3345 1063 3428 592;
1083 3365 1179 3435 quarn
1197 3343 1323 3417 obrem
1350 3345 1463 3415 stultus
1479 3352 1528 3414 est
1546 3343 1602 3434 qui
1618 3342 1679 3414 diis
1697 3342 1804 3412 invitis
1826 3359 1918 3412 arma

365 3443 367 3448 ’
394 3469 498 3529 suniat
523 3459 563 3555 [4.
593 3459 676 3532 ast.
695 3461 775 3533 Eum
793 3463 926 3552 diligunt
943 3464 984 3533 411
1003 3466 1056 3554 qui
1082 3484 1117 3536 44
1135 3475 1304 3538 veneretur
1322 3486 1361 3536 ac
1377 3466 1430 3558 pia
1457 3470 1562 3535 mente
1580 3461 1631 3533 rel
1658 3470 1768 3531 tenues
1794 3460 1917 3530 hostias

396 3580 473 3650 ierat
494 3579 536 3673 [4.
564 3581 636 3652 alo
664 3574 728 3679 (2),
759 3581 876 3672 quibus
910 3586 1005 3655 unice
1038 3584 1243 3657 delectentur.
1279 3586 1389 3677 ltaque
1424 3583 1586 3674 Neptunus
1619 3581 1741 3652 Troiam
1770 3601 1914 3652 eversam

394 3702 546 3791 queritur,
567 3701 651 3790 quod
670 3703 702 3771 in
721 3701 891 3774 solitudine
919 3703 1025 3774 nullus
1045 3707 1181 3795 supersit
1199 3707 1328 3778 deorurn
1348 3705 1451 3777 cultus
1482 3700 1592 3774 Trood.
1612 3697 1671 3774 27.
1688 3701 1845 3772 Bonorum
1865 3720 1915 3770 444

394 3822 571 3911 provehunt
597 3831 794 3914 mortemque
821 3821 928 3894 dolent
944 3823 1040 3917 Hipp.
1062 3826 1174 3910 taeta
1192 3827 1292 3898 malos
1318 3844 1393 3896 vero
1420 3825 1620 3896 ulciscuntur
1640 3841 1742 3912 neque
1761 3821 1914 3891 adversus

393 3960 465 4026 cos,
485 3942 538 4031 qui
564 3943 615 4012 ius
642 3943 750 4031 lasqne
775 3944 901 4014 solliciti
928 3952 1084 4028 tueantur,
1117 3947 1143 4016 si
1179 3946 1253 4037 qnid
1286 3946 1468 4038 deliqueris,
1504 3966 1637 4017 secrrrus
1664 3943 1727 4016 ullo
1754 3951 1845 4035 pacto
1871 3943 1915 4011 414

388 4059 433 4155 fr.
464 4059 544 4133 446.
571 4060 702 4133 Subitae
728 4065 917 4135 mutationes
941 4065 1086 4136 44444444
1124 4067 1232 4137 44114
1259 4055 1446 4156 repetendae
1484 4074 1557 4136 eunt
1580 4061 1622 4156 sr.
1659 4063 1742 4147 964,
1778 4063 1831 4154 qui
1865 4062 1913 4129 ri·
1994 4057 1995 4062 ’

392 4190 514 4252 ctnrnm
534 4190 649 4254 sortern
667 4183 861 4274 demergunt,
877 4204 916 4256 ne
934 4187 1072 4278 ipsorum
1093 4186 1216 4258 viribus
1234 4188 1303 4259 44441
1322 4189 1518 4278 arrogantius
1533 4188 1672 4276 gestiant
1687 4181 1784 4256 Andr.
1802 4182 1911 4262 loon

393 4325 490 4394 quum
516 4312 624 4373 antem
649 4303 799 4375 scelestos
825 4304 969 4395 perdunt,
1002 4307 1128 4378 innatae
1154 4308 1291 4379 institiae
1319 4308 1549 4378 satisfacientes
1574 4328 1610 4377 44
1627 4325 1698 4377 4444
1723 4304 1913 4374 4441444444
1993 4343 1994 4350 1

390 4421 424 4516 fr
451 4424 533 4496 581,
561 4421 656 4493 114444
683 4432 808 4514 praeter
834 4426 1012 4515 opinionem
1041 4429 1220 4518 perficiunt,
1247 4425 1383 4498 obscura
1409 4436 1441 4498 et
1460 4427 1618 4517 inopinata
1636 4426 1675 4496 44
1699 4425 1818 4495 exitum
1836 4441 1909 4511 peu·

392 4543 513 4614 ducunt
539 4541 579 4635 (r.
607 4541 701 4614 4444.
727 4540 791 4614 nn.
818 4543 930 4615 Boccb.
958 4545 1028 4617 Hal.
1056 4555 1213 4620 extremos
1250 4540 1385 4646 versus).
1421 4547 1537 4618 Verum
1571 4547 1651 4617 iusto
1677 4545 1798 4617 bomini
1824 4541 1910 4612 nullo
1992 4629 1993 4634 Ἰ

426 4841 459 4910 (lt
478 4841 508 4898 ld
529 4840 631 4918 nolim,
645 4841 829 4900 obliviscatur
857 4843 907 4916 qni
936 4838 1015 4915 legat
1042 4839 1256 4914 Naegelsbacbii
1290 4842 1459 4912 Tbcotopinnr
1479 4839 1705 4911 postbcmericom
1729 4837 1756 4912 8,
1775 4835 1839 4893 7-42
1860 4835 1909 4892 ubi

390 4927 599 4998 progredientis
613 4928 768 5000 impietatis
786 4937 958 5001 argumenta
976 4936 1054 4986 certo
1072 4928 1175 4986 ordino
1192 4943 1225 4998 ‚nc
1243 4925 1353 4985 ratione
1372 4926 1480 4999 digesta
1491 4930 1571 4986 sunt.
1583 4954 1618 4970 -
1629 4925 1669 4981 lte
1680 4915 1811 4996 tempo're
1829 4919 1908 4978 labu-

390 5013 484 5070 larum
503 5012 553 5070 444.
571 5013 740 5082 4144444444,
760 5016 793 5069 44
816 5017 993 5086 4144444414ρί4υ
1010 5015 1092 5081 sobal.
1112 5015 1204 5085 durip.
1224 5015 1331 5070 dissert.
1350 5015 1485 5084 llcrbnrp,
1506 5012 1586 5082 1839,
1611 5011 1753 5081 Hartnng,
1772 5010 1909 5065 14444444.

391 5097 449 5168 nix,
469 5099 630 5166 Praescia.
651 5101 736 5157 didol.

428 5182 460 5252 tit
480 5185 509 5243 14
527 5185 642 5255 saepius
654 5185 779 5241 occurrit
793 5185 869 5257 apud
883 5190 1002 5256 4444444,
1019 5183 1178 5244 Hesiodum
1196 5190 1336 5258 sequutus
1356 5186 1402 5254 Op.
1417 5184 1476 5253 334,
1494 5180 1719 5240 cuius'nobilcrn
1738 5195 1851 5236 versum
1870 5183 1913 5232 aaa

389 5269 484 5335 δύναμιν
508 5270 609 5341 t'tptne
626 5272 817 5341 ttp’aaasaaom
841 5278 927 5322 aeonae
959 5271 1088 5334 Socrates
1115 5269 1199 5328 444444
1223 5287 1268 5343 ap.
1296 5272 1425 5343 xenoph.
1452 5270 1527 5324 41444.
1550 5271 1572 5337 1,
1594 5268 1620 5338 3,
1644 5263 1659 5321 3
1686 5263 1736 5322 ubi
1762 5266 1803 5319 nit
1821 5264 1912 5321 iustos

387 5369 523 5412 nonense
541 5355 620 5427 4444,
638 5355 663 5412 41
682 5357 819 5428 gratiores
838 5356 965 5415 babeant
982 5370 1102 5432 magnas
1119 5357 1243 5419 diuitum
1265 5357 1376 5413 hostias
1395 5371 1482 5436 qnam
1502 5354 1618 5427 exiguas
1636 5349 1911 5424 pauperiorum-Cir.

388 5445 419 5513 ct
434 5439 532 5514 Horat.
543 5444 628 5499 dorm.
639 5446 665 5518 3,
683 5442 725 5512 24.
