<?xml version="1.0" encoding="UTF-8"?>
<!DOCTYPE html PUBLIC "-//W3C//DTD XHTML 1.0 Transitional//EN"
    "http://www.w3.org/TR/xhtml1/DTD/xhtml1-transitional.dtd">
<html xmlns="http://www.w3.org/1999/xhtml" xml:lang="en" lang="en">
 <head>
  <title>
</title>
<meta http-equiv="Content-Type" content="text/html;charset=utf-8" />
  <meta name='ocr-system' content='tesseract 3.04.00' />
  <meta name='ocr-capabilities' content='ocr_page ocr_carea ocr_par ocr_line ocrx_word'/>
</head>
<body>
  <div class='ocr_page' id='page_1' title='image "./euripidesderebu00zambgoog_0010.png"; bbox 0 0 4010 6172; ppageno 0'>
   <div class='ocr_carea' id='block_1_1' title="bbox 743 1480 1043 1549">
    <p class='ocr_par' dir='ltr' id='par_1_1' title="bbox 743 1480 1043 1549">
     <span class='ocr_line' id='line_1_1' title="bbox 743 1480 1043 1549; baseline 0 -1"><span class='ocrx_word' id='word_1_1' title='bbox 743 1480 1043 1549; x_wconf 84' lang='lat' dir='ltr'><strong>PROOEMIUM.</strong></span> 
     </span>
    </p>
   </div>
   <div class='ocr_carea' id='block_1_2' title="bbox 173 1901 1653 1997">
    <p class='ocr_par' dir='ltr' id='par_1_2' title="bbox 173 1901 1653 1997">
     <span class='ocr_line' id='line_1_2' title="bbox 173 1901 1653 1997; baseline -0.003 -21"><span class='ocrx_word' id='word_1_2' title='bbox 173 1905 256 1976; x_wconf 90' lang='lat' dir='ltr'><strong>Satis</strong></span> <span class='ocrx_word' id='word_1_3' title='bbox 282 1914 404 1978; x_wconf 87' lang='lat' dir='ltr'><strong>constat</strong></span> <span class='ocrx_word' id='word_1_4' title='bbox 430 1901 512 1976; x_wconf 89' lang='lat' dir='ltr'><strong>inter</strong></span> <span class='ocrx_word' id='word_1_5' title='bbox 543 1927 664 1992; x_wconf 90' lang='lat' dir='ltr'><strong>omnes,</strong></span> <span class='ocrx_word' id='word_1_6' title='bbox 701 1907 754 1997; x_wconf 88' lang='lat' dir='ltr'><strong>qui</strong></span> <span class='ocrx_word' id='word_1_7' title='bbox 787 1903 981 1978; x_wconf 84' lang='lat' dir='ltr'><strong>Graecorum</strong></span> <span class='ocrx_word' id='word_1_8' title='bbox 1015 1906 1201 1976; x_wconf 85' lang='lat' dir='ltr'><strong>memoriam</strong></span> <span class='ocrx_word' id='word_1_9' title='bbox 1236 1905 1399 1996; x_wconf 92' lang='lat' dir='ltr'><strong>paululum</strong></span> <span class='ocrx_word' id='word_1_10' title='bbox 1435 1901 1653 1988; x_wconf 90' lang='lat' dir='ltr'><strong>delibaverint,</strong></span> 
     </span>
    </p>
   </div>
   <div class='ocr_carea' id='block_1_3' title="bbox 118 2023 1786 2119">
    <p class='ocr_par' dir='ltr' id='par_1_3' title="bbox 118 2023 1786 2119">
     <span class='ocr_line' id='line_1_3' title="bbox 118 2023 1786 2119; baseline 0.002 -23"><span class='ocrx_word' id='word_1_11' title='bbox 118 2025 224 2096; x_wconf 86' lang='lat' dir='ltr'><strong>Persis</strong></span> <span class='ocrx_word' id='word_1_12' title='bbox 250 2027 414 2119; x_wconf 88' lang='lat' dir='ltr'><strong>superatis,</strong></span> <span class='ocrx_word' id='word_1_13' title='bbox 444 2024 683 2097; x_wconf 76' lang='lat' dir='ltr'><strong>Atheniensium</strong></span> <span class='ocrx_word' id='word_1_14' title='bbox 711 2046 760 2096; x_wconf 88' lang='lat' dir='ltr'><strong>res</strong></span> <span class='ocrx_word' id='word_1_15' title='bbox 789 2046 850 2097; x_wconf 93' lang='lat' dir='ltr'><strong>non</strong></span> <span class='ocrx_word' id='word_1_16' title='bbox 882 2035 943 2096; x_wconf 91' lang='lat' dir='ltr'><strong>tam</strong></span> <span class='ocrx_word' id='word_1_17' title='bbox 972 2025 1181 2117; x_wconf 89' lang='lat' dir='ltr'><strong>procedentes</strong></span> <span class='ocrx_word' id='word_1_18' title='bbox 1212 2046 1308 2117; x_wconf 91' lang='lat' dir='ltr'><strong>quam</strong></span> <span class='ocrx_word' id='word_1_19' title='bbox 1335 2025 1498 2096; x_wconf 79' lang='lat' dir='ltr'><strong>evolantes</strong></span> <span class='ocrx_word' id='word_1_20' title='bbox 1526 2023 1652 2118; x_wconf 90' lang='lat' dir='ltr'><strong>opibus,</strong></span> <span class='ocrx_word' id='word_1_21' title='bbox 1784 2095 1786 2100; x_wconf 89' lang='lat'><em>.</em></span> 
     </span>
    </p>
   </div>
   <div class='ocr_carea' id='block_1_4' title="bbox 60 2144 1734 3084">
    <p class='ocr_par' dir='ltr' id='par_1_4' title="bbox 119 2144 1696 2355">
     <span class='ocr_line' id='line_1_4' title="bbox 119 2144 1653 2240; baseline 0.002 -26"><span class='ocrx_word' id='word_1_22' title='bbox 119 2144 276 2216; x_wconf 88' lang='lat' dir='ltr'><strong>industria</strong></span> <span class='ocrx_word' id='word_1_23' title='bbox 314 2148 465 2236; x_wconf 84' lang='lat' dir='ltr'><strong>omnique</strong></span> <span class='ocrx_word' id='word_1_24' title='bbox 505 2147 634 2216; x_wconf 88' lang='lat' dir='ltr'><strong>artium&#39;</strong></span> <span class='ocrx_word' id='word_1_25' title='bbox 653 2165 691 2216; x_wconf 92' lang='lat' dir='ltr'><strong>ac</strong></span> <span class='ocrx_word' id='word_1_26' title='bbox 726 2145 887 2216; x_wconf 86' lang='lat' dir='ltr'><strong>literarum</strong></span> <span class='ocrx_word' id='word_1_27' title='bbox 914 2144 1009 2216; x_wconf 89' lang='lat' dir='ltr'><strong>laude</strong></span> <span class='ocrx_word' id='word_1_28' title='bbox 1036 2146 1188 2240; x_wconf 86' lang='lat' dir='ltr'><strong>floruisse.</strong></span> <span class='ocrx_word' id='word_1_29' title='bbox 1216 2145 1382 2217; x_wconf 83' lang='lat' dir='ltr'><strong>Praeclara</strong></span> <span class='ocrx_word' id='word_1_30' title='bbox 1412 2147 1496 2216; x_wconf 91' lang='lat' dir='ltr'><strong>enim</strong></span> <span class='ocrx_word' id='word_1_31' title='bbox 1529 2147 1653 2231; x_wconf 87' lang='lat' dir='ltr'><strong>civitas,</strong></span> 
     </span>
     <span class='ocr_line' id='line_1_5' title="bbox 119 2262 1696 2355; baseline 0.001 -21"><span class='ocrx_word' id='word_1_32' title='bbox 119 2284 201 2355; x_wconf 86' lang='lat' dir='ltr'><strong>qnae</strong></span> <span class='ocrx_word' id='word_1_33' title='bbox 234 2268 346 2336; x_wconf 90' lang='lat' dir='ltr'><strong>virtute</strong></span> <span class='ocrx_word' id='word_1_34' title='bbox 379 2275 410 2335; x_wconf 90' lang='lat' dir='ltr'><strong>et</strong></span> <span class='ocrx_word' id='word_1_35' title='bbox 445 2266 621 2336; x_wconf 87' lang='lat' dir='ltr'><strong>constantia</strong></span> <span class='ocrx_word' id='word_1_36' title='bbox 653 2262 819 2336; x_wconf 82' lang='lat' dir='ltr'><strong>Graeciam</strong></span> <span class='ocrx_word' id='word_1_37' title='bbox 853 2283 872 2334; x_wconf 99' lang='lat' dir='ltr'><strong>a</strong></span> <span class='ocrx_word' id='word_1_38' title='bbox 905 2266 1063 2350; x_wconf 89' lang='lat' dir='ltr'><strong>servitute,</strong></span> <span class='ocrx_word' id='word_1_39' title='bbox 1092 2265 1274 2335; x_wconf 89' lang='lat' dir='ltr'><strong>universum</strong></span> <span class='ocrx_word' id='word_1_40' title='bbox 1307 2266 1472 2334; x_wconf 91' lang='lat' dir='ltr'><strong>bominum</strong></span> <span class='ocrx_word' id='word_1_41' title='bbox 1503 2283 1603 2352; x_wconf 88' lang='lat' dir='ltr'><strong>genus</strong></span> <span class='ocrx_word' id='word_1_42' title='bbox 1635 2286 1655 2336; x_wconf 89' lang='lat' dir='ltr'><strong>a</strong></span> <span class='ocrx_word' id='word_1_43' title='bbox 1695 2277 1696 2280; x_wconf 76' lang='grc'>’</span> 
     </span>
    </p>

    <p class='ocr_par' dir='ltr' id='par_1_5' title="bbox 60 2368 1734 2714">
     <span class='ocr_line' id='line_1_6' title="bbox 118 2368 1654 2476; baseline 0 -23"><span class='ocrx_word' id='word_1_44' title='bbox 118 2383 255 2456; x_wconf 87' lang='lat' dir='ltr'><strong>flaccida</strong></span> <span class='ocrx_word' id='word_1_45' title='bbox 278 2368 375 2476; x_wconf 40' lang='lat' dir='ltr'><strong>&#39;atque</strong></span> <span class='ocrx_word' id='word_1_46' title='bbox 402 2387 494 2455; x_wconf 88' lang='lat' dir='ltr'><strong>inerti</strong></span> <span class='ocrx_word' id='word_1_47' title='bbox 521 2383 667 2456; x_wconf 91' lang='lat' dir='ltr'><strong>barbaria</strong></span> <span class='ocrx_word' id='word_1_48' title='bbox 694 2385 919 2470; x_wconf 78' lang='lat' dir='ltr'><strong>vindicaverat,</strong></span> <span class='ocrx_word' id='word_1_49' title='bbox 949 2385 1080 2474; x_wconf 88' lang='lat' dir='ltr'><strong>imperio</strong></span> <span class='ocrx_word' id='word_1_50' title='bbox 1107 2382 1251 2456; x_wconf 84' lang='lat' dir='ltr'><strong>celeriter</strong></span> <span class='ocrx_word' id='word_1_51' title='bbox 1270 2393 1450 2476; x_wconf 90' lang='lat' dir='ltr'><strong>propagato,</strong></span> <span class='ocrx_word' id='word_1_52' title='bbox 1477 2392 1570 2455; x_wconf 89' lang='lat' dir='ltr'><strong>aucta</strong></span> <span class='ocrx_word' id='word_1_53' title='bbox 1597 2385 1654 2455; x_wconf 92' lang='lat' dir='ltr'><strong>di-</strong></span> 
     </span>
     <span class='ocr_line' id='line_1_7' title="bbox 60 2479 1734 2600; baseline -0.001 -25"><span class='ocrx_word' id='word_1_54' title='bbox 60 2479 68 2494; x_wconf 41' lang='lat'><em>*</em></span> <span class='ocrx_word' id='word_1_55' title='bbox 103 2507 213 2600; x_wconf 88' lang='lat' dir='ltr'><strong>vitiis,</strong></span> <span class='ocrx_word' id='word_1_56' title='bbox 244 2486 282 2577; x_wconf 86' lang='lat' dir='ltr'><strong>ea</strong></span> <span class='ocrx_word' id='word_1_57' title='bbox 313 2506 463 2577; x_wconf 78' lang='lat' dir='ltr'><strong>felicitate</strong></span> <span class='ocrx_word' id='word_1_58' title='bbox 500 2526 610 2576; x_wconf 89' lang='lat' dir='ltr'><strong>omues</strong></span> <span class='ocrx_word' id='word_1_59' title='bbox 644 2507 724 2575; x_wconf 91' lang='lat' dir='ltr'><strong>vitae</strong></span> <span class='ocrx_word' id='word_1_60' title='bbox 759 2518 861 2595; x_wconf 88' lang='lat' dir='ltr'><strong>partes</strong></span> <span class='ocrx_word' id='word_1_61' title='bbox 892 2505 1040 2591; x_wconf 76' lang='lat' dir='ltr'><strong>excoluit,</strong></span> <span class='ocrx_word' id='word_1_62' title='bbox 1068 2513 1102 2575; x_wconf 93' lang='lat' dir='ltr'><strong>ut</strong></span> <span class='ocrx_word' id='word_1_63' title='bbox 1134 2504 1254 2575; x_wconf 91' lang='lat' dir='ltr'><strong>nullum</strong></span> <span class='ocrx_word' id='word_1_64' title='bbox 1287 2525 1425 2595; x_wconf 91' lang='lat' dir='ltr'><strong>unquam</strong></span> <span class='ocrx_word' id='word_1_65' title='bbox 1458 2514 1583 2595; x_wconf 89' lang='lat' dir='ltr'><strong>tempus</strong></span> <span class='ocrx_word' id='word_1_66' title='bbox 1615 2504 1654 2574; x_wconf 98' lang='lat' dir='ltr'><strong>ad</strong></span> <span class='ocrx_word' id='word_1_67' title='bbox 1728 2571 1734 2584; x_wconf 73' lang='lat'><strong>,</strong></span> 
     </span>
     <span class='ocr_line' id='line_1_8' title="bbox 117 2605 1512 2714; baseline -0.001 -20"><span class='ocrx_word' id='word_1_68' title='bbox 117 2623 250 2714; x_wconf 85' lang='lat' dir='ltr'><strong>gloriam</strong></span> <span class='ocrx_word' id='word_1_69' title='bbox 283 2624 410 2710; x_wconf 88' lang='lat' dir='ltr'><strong>clarius,</strong></span> <span class='ocrx_word' id='word_1_70' title='bbox 437 2624 476 2696; x_wconf 92' lang='lat' dir='ltr'><strong>ad</strong></span> <span class='ocrx_word' id='word_1_71' title='bbox 505 2626 732 2696; x_wconf 87' lang='lat' dir='ltr'><strong>humanitatem</strong></span> <span class='ocrx_word' id='word_1_72' title='bbox 759 2625 950 2696; x_wconf 84' lang='lat' dir='ltr'><strong>lrvrctuosius</strong></span> <span class='ocrx_word' id='word_1_73' title='bbox 978 2627 1136 2695; x_wconf 84' lang='lat' dir='ltr'><strong>exstitisse</strong></span> <span class='ocrx_word' id='word_1_74' title='bbox 1164 2625 1316 2696; x_wconf 90' lang='lat' dir='ltr'><strong>videatur.</strong></span> <span class='ocrx_word' id='word_1_75' title='bbox 1507 2605 1512 2612; x_wconf 54' lang='grc'><strong><em>’</em></strong></span> 
     </span>
    </p>

    <p class='ocr_par' dir='ltr' id='par_1_6' title="bbox 76 2735 1658 3084">
     <span class='ocr_line' id='line_1_9' title="bbox 171 2735 1657 2837; baseline -0.001 -21"><span class='ocrx_word' id='word_1_76' title='bbox 171 2745 213 2816; x_wconf 79' lang='lat' dir='ltr'><strong>At</strong></span> <span class='ocrx_word' id='word_1_77' title='bbox 238 2766 372 2835; x_wconf 90' lang='lat' dir='ltr'><strong>quorum</strong></span> <span class='ocrx_word' id='word_1_78' title='bbox 400 2745 484 2817; x_wconf 92' lang='lat' dir='ltr'><strong>oculi</strong></span> <span class='ocrx_word' id='word_1_79' title='bbox 502 2767 540 2817; x_wconf 88' lang='lat' dir='ltr'><strong>eo</strong></span> <span class='ocrx_word' id='word_1_80' title='bbox 565 2735 671 2817; x_wconf 84' lang='lat' dir='ltr'><strong>rerum</strong></span> <span class='ocrx_word' id='word_1_81' title='bbox 699 2744 866 2837; x_wconf 89' lang='lat' dir='ltr'><strong>splendore</strong></span> <span class='ocrx_word' id='word_1_82' title='bbox 894 2766 955 2816; x_wconf 91' lang='lat' dir='ltr'><strong>uon</strong></span> <span class='ocrx_word' id='word_1_83' title='bbox 982 2746 1026 2815; x_wconf 90' lang='lat' dir='ltr'><strong>ita</strong></span> <span class='ocrx_word' id='word_1_84' title='bbox 1053 2747 1315 2836; x_wconf 88' lang='lat' dir='ltr'><strong>perstringantur,</strong></span> <span class='ocrx_word' id='word_1_85' title='bbox 1343 2765 1405 2834; x_wconf 88' lang='lat' dir='ltr'><strong>quo</strong></span> <span class='ocrx_word' id='word_1_86' title='bbox 1431 2746 1535 2814; x_wconf 93' lang='lat' dir='ltr'><strong>minus</strong></span> <span class='ocrx_word' id='word_1_87' title='bbox 1563 2743 1657 2815; x_wconf 89' lang='lat' dir='ltr'><strong>altius</strong></span> 
     </span>
     <span class='ocr_line' id='line_1_10' title="bbox 117 2863 1655 2960; baseline -0.003 -22"><span class='ocrx_word' id='word_1_88' title='bbox 117 2867 299 2960; x_wconf 84' lang='lat' dir='ltr'><strong>pervadant,</strong></span> <span class='ocrx_word' id='word_1_89' title='bbox 320 2867 483 2936; x_wconf 90' lang='lat' dir='ltr'><strong>interiores</strong></span> <span class='ocrx_word' id='word_1_90' title='bbox 510 2867 664 2957; x_wconf 90' lang='lat' dir='ltr'><strong>quosdam</strong></span> <span class='ocrx_word' id='word_1_91' title='bbox 684 2867 862 2936; x_wconf 89' lang='lat' dir='ltr'><strong>animorum</strong></span> <span class='ocrx_word' id='word_1_92' title='bbox 883 2874 985 2936; x_wconf 92' lang='lat' dir='ltr'><strong>motus</strong></span> <span class='ocrx_word' id='word_1_93' title='bbox 1005 2866 1100 2935; x_wconf 90' lang='lat' dir='ltr'><strong>etiam</strong></span> <span class='ocrx_word' id='word_1_94' title='bbox 1122 2873 1189 2935; x_wconf 90' lang='lat' dir='ltr'><strong>tum</strong></span> <span class='ocrx_word' id='word_1_95' title='bbox 1209 2864 1384 2956; x_wconf 89' lang='lat' dir='ltr'><strong>implicatos</strong></span> <span class='ocrx_word' id='word_1_96' title='bbox 1403 2863 1655 2956; x_wconf 83' lang='lat' dir='ltr'><strong>deprehendant,</strong></span> 
     </span>
     <span class='ocr_line' id='line_1_11' title="bbox 76 2984 1658 3084; baseline -0.001 -25"><span class='ocrx_word' id='word_1_97' title='bbox 76 3029 77 3032; x_wconf 16' lang='grc' dir='ltr'>π</span> <span class='ocrx_word' id='word_1_98' title='bbox 117 2987 236 3080; x_wconf 90' lang='lat' dir='ltr'><strong>quibus</strong></span> <span class='ocrx_word' id='word_1_99' title='bbox 262 2987 356 3057; x_wconf 88' lang='lat' dir='ltr'><strong>latius</strong></span> <span class='ocrx_word' id='word_1_100' title='bbox 377 2985 661 3078; x_wconf 78' lang='lat' dir='ltr'><strong>progredientibus,</strong></span> <span class='ocrx_word' id='word_1_101' title='bbox 682 2985 769 3056; x_wconf 88' lang='lat' dir='ltr'><strong>velut</strong></span> <span class='ocrx_word' id='word_1_102' title='bbox 785 2988 906 3056; x_wconf 91' lang='lat' dir='ltr'><strong>semina</strong></span> <span class='ocrx_word' id='word_1_103' title='bbox 925 3006 1080 3084; x_wconf 78' lang='lat' dir='ltr'><strong>novarum</strong></span> <span class='ocrx_word' id='word_1_104' title='bbox 1107 2988 1226 3056; x_wconf 90' lang='lat' dir='ltr'><strong>rerum</strong></span> <span class='ocrx_word' id='word_1_105' title='bbox 1240 2993 1392 3075; x_wconf 91' lang='lat' dir='ltr'><strong>concepta</strong></span> <span class='ocrx_word' id='word_1_106' title='bbox 1419 2984 1588 3072; x_wconf 87' lang='lat' dir='ltr'><strong>alerentur,</strong></span> <span class='ocrx_word' id='word_1_107' title='bbox 1617 3007 1658 3058; x_wconf 87' lang='lat' dir='ltr'><strong>ea</strong></span> 
     </span>
    </p>
   </div>
   <div class='ocr_carea' id='block_1_5' title="bbox 21 3105 1657 3200">
    <p class='ocr_par' dir='ltr' id='par_1_7' title="bbox 21 3105 1657 3200">
     <span class='ocr_line' id='line_1_12' title="bbox 21 3105 1657 3200; baseline 0 -24"><span class='ocrx_word' id='word_1_108' title='bbox 21 3193 25 3200; x_wconf 17' lang='grc' dir='ltr'>ι</span> <span class='ocrx_word' id='word_1_109' title='bbox 117 3128 203 3191; x_wconf 89' lang='lat' dir='ltr'><strong>vero,</strong></span> <span class='ocrx_word' id='word_1_110' title='bbox 231 3105 345 3196; x_wconf 89' lang='lat' dir='ltr'><strong>quibus</strong></span> <span class='ocrx_word' id='word_1_111' title='bbox 373 3109 475 3195; x_wconf 89' lang='lat' dir='ltr'><strong>gentis</strong></span> <span class='ocrx_word' id='word_1_112' title='bbox 501 3106 589 3176; x_wconf 93' lang='lat' dir='ltr'><strong>illins</strong></span> <span class='ocrx_word' id='word_1_113' title='bbox 606 3108 670 3177; x_wconf 91' lang='lat' dir='ltr'><strong>vita</strong></span> <span class='ocrx_word' id='word_1_114' title='bbox 695 3115 778 3177; x_wconf 88' lang='lat' dir='ltr'><strong>esset</strong></span> <span class='ocrx_word' id='word_1_115' title='bbox 798 3108 1000 3191; x_wconf 75' lang='lat' dir='ltr'><strong>conformata,</strong></span> <span class='ocrx_word' id='word_1_116' title='bbox 1028 3106 1178 3176; x_wconf 89' lang='lat' dir='ltr'><strong>radicitus</strong></span> <span class='ocrx_word' id='word_1_117' title='bbox 1210 3125 1364 3176; x_wconf 87' lang='lat' dir='ltr'><strong>concussa</strong></span> <span class='ocrx_word' id='word_1_118' title='bbox 1382 3106 1551 3196; x_wconf 91' lang='lat' dir='ltr'><strong>aliquando</strong></span> <span class='ocrx_word' id='word_1_119' title='bbox 1578 3125 1657 3176; x_wconf 91' lang='lat' dir='ltr'><strong>cor-</strong></span> 
     </span>
    </p>
   </div>
   <div class='ocr_carea' id='block_1_6' title="bbox 119 3223 1657 3437">
    <p class='ocr_par' dir='ltr' id='par_1_8' title="bbox 119 3223 1657 3437">
     <span class='ocr_line' id='line_1_13' title="bbox 119 3223 1657 3318; baseline -0.001 -20"><span class='ocrx_word' id='word_1_120' title='bbox 119 3235 257 3299; x_wconf 91' lang='lat' dir='ltr'><strong>ruerent.</strong></span> <span class='ocrx_word' id='word_1_121' title='bbox 289 3225 415 3296; x_wconf 89' lang='lat' dir='ltr'><strong>Etenim</strong></span> <span class='ocrx_word' id='word_1_122' title='bbox 446 3228 546 3317; x_wconf 92' lang='lat' dir='ltr'><strong>siqui</strong></span> <span class='ocrx_word' id='word_1_123' title='bbox 573 3227 710 3315; x_wconf 89' lang='lat' dir='ltr'><strong>iugenio,</strong></span> <span class='ocrx_word' id='word_1_124' title='bbox 729 3228 884 3316; x_wconf 89' lang='lat' dir='ltr'><strong>sapientia</strong></span> <span class='ocrx_word' id='word_1_125' title='bbox 910 3225 962 3296; x_wconf 91' lang='lat' dir='ltr'><strong>vel</strong></span> <span class='ocrx_word' id='word_1_126' title='bbox 988 3225 1131 3318; x_wconf 89' lang='lat' dir='ltr'><strong>quolibet</strong></span> <span class='ocrx_word' id='word_1_127' title='bbox 1158 3225 1288 3296; x_wconf 81' lang='lat' dir='ltr'><strong>artificio</strong></span> <span class='ocrx_word' id='word_1_128' title='bbox 1315 3223 1523 3312; x_wconf 81' lang='lat' dir='ltr'><strong>excellebant,</strong></span> <span class='ocrx_word' id='word_1_129' title='bbox 1551 3245 1657 3296; x_wconf 91' lang='lat' dir='ltr'><strong>rerum</strong></span> 
     </span>
     <span class='ocr_line' id='line_1_14' title="bbox 119 3342 1657 3437; baseline -0.003 -19"><span class='ocrx_word' id='word_1_130' title='bbox 119 3347 337 3436; x_wconf 86' lang='lat' dir='ltr'><strong>magnitudine</strong></span> <span class='ocrx_word' id='word_1_131' title='bbox 365 3346 545 3436; x_wconf 87' lang='lat' dir='ltr'><strong>gloriaeque</strong></span> <span class='ocrx_word' id='word_1_132' title='bbox 572 3347 757 3416; x_wconf 89' lang='lat' dir='ltr'><strong>condicione</strong></span> <span class='ocrx_word' id='word_1_133' title='bbox 784 3345 901 3432; x_wconf 90' lang='lat' dir='ltr'><strong>allecti,</strong></span> <span class='ocrx_word' id='word_1_134' title='bbox 931 3357 1079 3437; x_wconf 90' lang='lat' dir='ltr'><strong>tanquam</strong></span> <span class='ocrx_word' id='word_1_135' title='bbox 1108 3349 1140 3417; x_wconf 95' lang='lat' dir='ltr'><strong>in</strong></span> <span class='ocrx_word' id='word_1_136' title='bbox 1166 3347 1269 3421; x_wconf 90' lang='lat' dir='ltr'><strong>omnis</strong></span> <span class='ocrx_word' id='word_1_137' title='bbox 1297 3342 1497 3416; x_wconf 87' lang='lat' dir='ltr'><strong>humanitatis</strong></span> <span class='ocrx_word' id='word_1_138' title='bbox 1525 3347 1657 3417; x_wconf 89' lang='lat' dir='ltr'><strong>domici-</strong></span> 
     </span>
    </p>
   </div>
   <div class='ocr_carea' id='block_1_7' title="bbox 119 3465 1783 3558">
    <p class='ocr_par' dir='ltr' id='par_1_9' title="bbox 119 3465 1783 3558">
     <span class='ocr_line' id='line_1_15' title="bbox 119 3465 1783 3558; baseline 0.002 -23"><span class='ocrx_word' id='word_1_139' title='bbox 119 3465 197 3538; x_wconf 93' lang='lat' dir='ltr'><strong>lium</strong></span> <span class='ocrx_word' id='word_1_140' title='bbox 224 3488 262 3537; x_wconf 95' lang='lat' dir='ltr'><strong>eo</strong></span> <span class='ocrx_word' id='word_1_141' title='bbox 288 3467 430 3557; x_wconf 93' lang='lat' dir='ltr'><strong>undique</strong></span> <span class='ocrx_word' id='word_1_142' title='bbox 464 3466 703 3551; x_wconf 83' lang='lat' dir='ltr'><strong>conveniebant,</strong></span> <span class='ocrx_word' id='word_1_143' title='bbox 733 3467 764 3537; x_wconf 92' lang='lat' dir='ltr'><strong>in</strong></span> <span class='ocrx_word' id='word_1_144' title='bbox 792 3469 903 3557; x_wconf 92' lang='lat' dir='ltr'><strong>primis</strong></span> <span class='ocrx_word' id='word_1_145' title='bbox 931 3466 1121 3558; x_wconf 85' lang='lat' dir='ltr'><strong>pbilosopbi,</strong></span> <span class='ocrx_word' id='word_1_146' title='bbox 1149 3465 1264 3556; x_wconf 92' lang='lat' dir='ltr'><strong>quibus</strong></span> <span class='ocrx_word' id='word_1_147' title='bbox 1292 3467 1324 3538; x_wconf 94' lang='lat' dir='ltr'><strong>in</strong></span> <span class='ocrx_word' id='word_1_148' title='bbox 1352 3468 1508 3537; x_wconf 86' lang='lat' dir='ltr'><strong>acerrima</strong></span> <span class='ocrx_word' id='word_1_149' title='bbox 1534 3469 1659 3538; x_wconf 76' lang='lat' dir='ltr'><strong>discen</strong></span> <span class='ocrx_word' id='word_1_150' title='bbox 1781 3493 1783 3499; x_wconf 52' lang='lat'><strong><em>⁴</em></strong></span> 
     </span>
    </p>
   </div>
   <div class='ocr_carea' id='block_1_8' title="bbox 68 3573 1744 5504">
    <p class='ocr_par' dir='ltr' id='par_1_10' title="bbox 68 3573 1744 5504">
     <span class='ocr_line' id='line_1_16' title="bbox 119 3573 1657 3678; baseline -0.002 -20"><span class='ocrx_word' id='word_1_151' title='bbox 119 3587 216 3677; x_wconf 88' lang='lat' dir='ltr'><strong>dique</strong></span> <span class='ocrx_word' id='word_1_152' title='bbox 242 3588 336 3657; x_wconf 88' lang='lat' dir='ltr'><strong>avida</strong></span> <span class='ocrx_word' id='word_1_153' title='bbox 363 3586 565 3657; x_wconf 89' lang='lat' dir='ltr'><strong>multitudine</strong></span> <span class='ocrx_word' id='word_1_154' title='bbox 583 3587 679 3657; x_wconf 88' lang='lat' dir='ltr'><strong>latior</strong></span> <span class='ocrx_word' id='word_1_155' title='bbox 696 3608 773 3657; x_wconf 84' lang='lat' dir='ltr'><strong>suae</strong></span> <span class='ocrx_word' id='word_1_156' title='bbox 791 3589 907 3677; x_wconf 89' lang='lat' dir='ltr'><strong>cuique</strong></span> <span class='ocrx_word' id='word_1_157' title='bbox 935 3573 1101 3658; x_wconf 84' lang='lat' dir='ltr'><strong>doctrinae</strong></span> <span class='ocrx_word' id='word_1_158' title='bbox 1127 3587 1335 3677; x_wconf 83' lang='lat' dir='ltr'><strong>proferendae</strong></span> <span class='ocrx_word' id='word_1_159' title='bbox 1368 3596 1490 3678; x_wconf 88' lang='lat' dir='ltr'><strong>pateret</strong></span> <span class='ocrx_word' id='word_1_160' title='bbox 1517 3607 1657 3678; x_wconf 90' lang='lat' dir='ltr'><strong>campus.</strong></span> 
     </span>
     <span class='ocr_line' id='line_1_17' title="bbox 120 3695 1660 3800; baseline 0.001 -23"><span class='ocrx_word' id='word_1_161' title='bbox 120 3695 188 3777; x_wconf 83' lang='lat' dir='ltr'><strong>lam</strong></span> <span class='ocrx_word' id='word_1_162' title='bbox 216 3715 309 3777; x_wconf 89' lang='lat' dir='ltr'><strong>antea</strong></span> <span class='ocrx_word' id='word_1_163' title='bbox 335 3706 458 3778; x_wconf 83' lang='lat' dir='ltr'><strong>fuerant</strong></span> <span class='ocrx_word' id='word_1_164' title='bbox 486 3710 539 3800; x_wconf 87' lang='lat' dir='ltr'><strong>qui</strong></span> <span class='ocrx_word' id='word_1_165' title='bbox 569 3709 753 3797; x_wconf 91' lang='lat' dir='ltr'><strong>opinionum</strong></span> <span class='ocrx_word' id='word_1_166' title='bbox 785 3706 948 3779; x_wconf 87' lang='lat' dir='ltr'><strong>erroribus</strong></span> <span class='ocrx_word' id='word_1_167' title='bbox 967 3709 1069 3792; x_wconf 90' lang='lat' dir='ltr'><strong>soluti,</strong></span> <span class='ocrx_word' id='word_1_168' title='bbox 1091 3706 1177 3777; x_wconf 92' lang='lat' dir='ltr'><strong>nulla</strong></span> <span class='ocrx_word' id='word_1_169' title='bbox 1202 3709 1387 3798; x_wconf 87' lang='lat' dir='ltr'><strong>antiquitate</strong></span> <span class='ocrx_word' id='word_1_170' title='bbox 1407 3709 1455 3778; x_wconf 93' lang='lat' dir='ltr'><strong>vel</strong></span> <span class='ocrx_word' id='word_1_171' title='bbox 1475 3711 1660 3779; x_wconf 90' lang='lat' dir='ltr'><strong>auctoritate</strong></span> 
     </span>
     <span class='ocr_line' id='line_1_18' title="bbox 121 3819 1658 3921; baseline 0.002 -25"><span class='ocrx_word' id='word_1_172' title='bbox 121 3829 265 3919; x_wconf 90' lang='lat' dir='ltr'><strong>permoti,</strong></span> <span class='ocrx_word' id='word_1_173' title='bbox 292 3819 392 3899; x_wconf 84' lang='lat' dir='ltr'><strong>libero</strong></span> <span class='ocrx_word' id='word_1_174' title='bbox 410 3827 526 3899; x_wconf 88' lang='lat' dir='ltr'><strong>iudicio</strong></span> <span class='ocrx_word' id='word_1_175' title='bbox 546 3848 650 3899; x_wconf 86' lang='lat' dir='ltr'><strong>rerum</strong></span> <span class='ocrx_word' id='word_1_176' title='bbox 670 3837 824 3914; x_wconf 92' lang='lat' dir='ltr'><strong>naturam,</strong></span> <span class='ocrx_word' id='word_1_177' title='bbox 843 3837 939 3912; x_wconf 93' lang='lat' dir='ltr'><strong>ortus,</strong></span> <span class='ocrx_word' id='word_1_178' title='bbox 959 3829 1112 3912; x_wconf 89' lang='lat' dir='ltr'><strong>interitus,</strong></span> <span class='ocrx_word' id='word_1_179' title='bbox 1133 3830 1319 3898; x_wconf 90' lang='lat' dir='ltr'><strong>mutationes</strong></span> <span class='ocrx_word' id='word_1_180' title='bbox 1337 3839 1443 3899; x_wconf 88' lang='lat' dir='ltr'><strong>essent</strong></span> <span class='ocrx_word' id='word_1_181' title='bbox 1461 3833 1658 3921; x_wconf 89' lang='lat' dir='ltr'><strong>perscrutati.</strong></span> 
     </span>
     <span class='ocr_line' id='line_1_19' title="bbox 121 3945 1674 4040; baseline 0.001 -23"><span class='ocrx_word' id='word_1_182' title='bbox 121 3947 214 4033; x_wconf 85' lang='lat' dir='ltr'><strong>Quod</strong></span> <span class='ocrx_word' id='word_1_183' title='bbox 247 3947 411 4018; x_wconf 88' lang='lat' dir='ltr'><strong>doctrinae</strong></span> <span class='ocrx_word' id='word_1_184' title='bbox 427 3949 566 4019; x_wconf 92' lang='lat' dir='ltr'><strong>studium</strong></span> <span class='ocrx_word' id='word_1_185' title='bbox 593 3949 729 4039; x_wconf 87' lang='lat' dir='ltr'><strong>primum</strong></span> <span class='ocrx_word' id='word_1_186' title='bbox 748 3948 830 4039; x_wconf 93' lang='lat' dir='ltr'><strong>apud</strong></span> <span class='ocrx_word' id='word_1_187' title='bbox 851 3947 942 4018; x_wconf 88' lang='lat' dir='ltr'><strong>lones</strong></span> <span class='ocrx_word' id='word_1_188' title='bbox 955 3945 1062 4018; x_wconf 79' lang='lat' dir='ltr'><strong>Asiam</strong></span> <span class='ocrx_word' id='word_1_189' title='bbox 1076 3947 1261 4032; x_wconf 87' lang='lat' dir='ltr'><strong>incolentes,</strong></span> <span class='ocrx_word' id='word_1_190' title='bbox 1280 3948 1395 4018; x_wconf 89' lang='lat' dir='ltr'><strong>deinde</strong></span> <span class='ocrx_word' id='word_1_191' title='bbox 1414 3950 1499 4040; x_wconf 90' lang='lat' dir='ltr'><strong>apud</strong></span> <span class='ocrx_word' id='word_1_192' title='bbox 1519 3949 1674 4020; x_wconf 46' lang='lat' dir='ltr'><strong>Graecos*</strong></span> 
     </span>
     <span class='ocr_line' id='line_1_20' title="bbox 122 4066 1659 4159; baseline 0.002 -23"><span class='ocrx_word' id='word_1_193' title='bbox 122 4066 233 4138; x_wconf 89' lang='lat' dir='ltr'><strong>ltaliae</strong></span> <span class='ocrx_word' id='word_1_194' title='bbox 249 4067 406 4139; x_wconf 81' lang='lat' dir='ltr'><strong>inferioris</strong></span> <span class='ocrx_word' id='word_1_195' title='bbox 432 4067 624 4139; x_wconf 87' lang='lat' dir='ltr'><strong>adoleverat.</strong></span> <span class='ocrx_word' id='word_1_196' title='bbox 644 4068 751 4140; x_wconf 87' lang='lat' dir='ltr'><strong>Solent</strong></span> <span class='ocrx_word' id='word_1_197' title='bbox 770 4069 854 4139; x_wconf 91' lang='lat' dir='ltr'><strong>euim</strong></span> <span class='ocrx_word' id='word_1_198' title='bbox 877 4068 979 4138; x_wconf 92' lang='lat' dir='ltr'><strong>coloui</strong></span> <span class='ocrx_word' id='word_1_199' title='bbox 1002 4069 1102 4158; x_wconf 89' lang='lat' dir='ltr'><strong>patria</strong></span> <span class='ocrx_word' id='word_1_200' title='bbox 1123 4067 1258 4138; x_wconf 89' lang='lat' dir='ltr'><strong>celerius</strong></span> <span class='ocrx_word' id='word_1_201' title='bbox 1274 4069 1480 4139; x_wconf 90' lang='lat' dir='ltr'><strong>humanitatis</strong></span> <span class='ocrx_word' id='word_1_202' title='bbox 1502 4070 1552 4140; x_wconf 92' lang='lat' dir='ltr'><strong>via</strong></span> <span class='ocrx_word' id='word_1_203' title='bbox 1571 4090 1659 4159; x_wconf 90' lang='lat' dir='ltr'><strong>gras·</strong></span> 
     </span>
     <span class='ocr_line' id='line_1_21' title="bbox 122 4184 1744 4280; baseline 0.002 -23"><span class='ocrx_word' id='word_1_204' title='bbox 122 4188 197 4274; x_wconf 90' lang='lat' dir='ltr'><strong>sari,</strong></span> <span class='ocrx_word' id='word_1_205' title='bbox 227 4190 345 4280; x_wconf 91' lang='lat' dir='ltr'><strong>quippe</strong></span> <span class='ocrx_word' id='word_1_206' title='bbox 372 4187 471 4259; x_wconf 92' lang='lat' dir='ltr'><strong>multa</strong></span> <span class='ocrx_word' id='word_1_207' title='bbox 497 4188 651 4280; x_wconf 91' lang='lat' dir='ltr'><strong>paulatim</strong></span> <span class='ocrx_word' id='word_1_208' title='bbox 685 4187 909 4259; x_wconf 80' lang='lat' dir='ltr'><strong>obliviscentes</strong></span> <span class='ocrx_word' id='word_1_209' title='bbox 935 4209 955 4258; x_wconf 90' lang='lat' dir='ltr'><strong>a</strong></span> <span class='ocrx_word' id='word_1_210' title='bbox 980 4187 1153 4258; x_wconf 90' lang='lat' dir='ltr'><strong>maioribus</strong></span> <span class='ocrx_word' id='word_1_211' title='bbox 1183 4187 1295 4257; x_wconf 90' lang='lat' dir='ltr'><strong>tradita</strong></span> <span class='ocrx_word' id='word_1_212' title='bbox 1325 4189 1532 4279; x_wconf 88' lang='lat' dir='ltr'><strong>ipsorumque</strong></span> <span class='ocrx_word' id='word_1_213' title='bbox 1559 4192 1660 4280; x_wconf 88' lang='lat' dir='ltr'><strong>gentis</strong></span> <span class='ocrx_word' id='word_1_214' title='bbox 1740 4184 1744 4190; x_wconf 78' lang='grc'><strong>’</strong></span> 
     </span>
     <span class='ocr_line' id='line_1_22' title="bbox 70 4299 1662 4400; baseline 0.001 -22"><span class='ocrx_word' id='word_1_215' title='bbox 70 4343 74 4350; x_wconf 90' lang='grc'><em>·</em></span> <span class='ocrx_word' id='word_1_216' title='bbox 121 4309 261 4400; x_wconf 91' lang='lat' dir='ltr'><strong>propria,</strong></span> <span class='ocrx_word' id='word_1_217' title='bbox 288 4307 352 4379; x_wconf 92' lang='lat' dir='ltr'><strong>alia</strong></span> <span class='ocrx_word' id='word_1_218' title='bbox 377 4328 417 4380; x_wconf 85' lang='lat' dir='ltr'><strong>en</strong></span> <span class='ocrx_word' id='word_1_219' title='bbox 470 4309 615 4379; x_wconf 81' lang='lat' dir='ltr'><strong>finitimis</strong></span> <span class='ocrx_word' id='word_1_220' title='bbox 642 4310 864 4399; x_wconf 87' lang='lat' dir='ltr'><strong>suscipientes,</strong></span> <span class='ocrx_word' id='word_1_221' title='bbox 906 4310 937 4376; x_wconf 94' lang='lat' dir='ltr'><strong>in</strong></span> <span class='ocrx_word' id='word_1_222' title='bbox 979 4327 1018 4379; x_wconf 86' lang='lat' dir='ltr'><strong>aa</strong></span> <span class='ocrx_word' id='word_1_223' title='bbox 1051 4299 1156 4378; x_wconf 82' lang='lat' dir='ltr'><strong>rurum</strong></span> <span class='ocrx_word' id='word_1_224' title='bbox 1184 4308 1371 4379; x_wconf 89' lang='lat' dir='ltr'><strong>condicione</strong></span> <span class='ocrx_word' id='word_1_225' title='bbox 1400 4318 1573 4395; x_wconf 90' lang='lat' dir='ltr'><strong>versantur,</strong></span> <span class='ocrx_word' id='word_1_226' title='bbox 1599 4331 1662 4400; x_wconf 88' lang='lat' dir='ltr'><strong>qua</strong></span> 
     </span>
     <span class='ocr_line' id='line_1_23' title="bbox 122 4427 1662 4525; baseline 0.001 -27"><span class='ocrx_word' id='word_1_227' title='bbox 122 4427 247 4500; x_wconf 91' lang='lat' dir='ltr'><strong>animos</strong></span> <span class='ocrx_word' id='word_1_228' title='bbox 283 4427 324 4498; x_wconf 89' lang='lat' dir='ltr'><strong>ali</strong></span> <span class='ocrx_word' id='word_1_229' title='bbox 353 4430 537 4518; x_wconf 85' lang='lat' dir='ltr'><strong>augerique,</strong></span> <span class='ocrx_word' id='word_1_230' title='bbox 575 4428 761 4499; x_wconf 89' lang='lat' dir='ltr'><strong>iudustriam</strong></span> <span class='ocrx_word' id='word_1_231' title='bbox 797 4429 827 4498; x_wconf 92' lang='lat' dir='ltr'><strong>iu</strong></span> <span class='ocrx_word' id='word_1_232' title='bbox 856 4448 967 4498; x_wconf 91' lang='lat' dir='ltr'><strong>omnes</strong></span> <span class='ocrx_word' id='word_1_233' title='bbox 1000 4436 1105 4525; x_wconf 88' lang='lat' dir='ltr'><strong>partes</strong></span> <span class='ocrx_word' id='word_1_234' title='bbox 1140 4429 1273 4498; x_wconf 82' lang='lat' dir='ltr'><strong>excitari</strong></span> <span class='ocrx_word' id='word_1_235' title='bbox 1309 4445 1436 4498; x_wconf 89' lang='lat' dir='ltr'><strong>necesse</strong></span> <span class='ocrx_word' id='word_1_236' title='bbox 1470 4430 1519 4499; x_wconf 90' lang='lat' dir='ltr'><strong>sit.</strong></span> <span class='ocrx_word' id='word_1_237' title='bbox 1549 4428 1662 4519; x_wconf 89' lang='lat' dir='ltr'><strong>ltaque</strong></span> 
     </span>
     <span class='ocr_line' id='line_1_24' title="bbox 122 4543 1661 4640; baseline -0.001 -21"><span class='ocrx_word' id='word_1_238' title='bbox 122 4547 248 4620; x_wconf 91' lang='lat' dir='ltr'><strong>nobiles</strong></span> <span class='ocrx_word' id='word_1_239' title='bbox 275 4547 348 4618; x_wconf 88' lang='lat' dir='ltr'><strong>illae</strong></span> <span class='ocrx_word' id='word_1_240' title='bbox 371 4551 544 4619; x_wconf 83' lang='lat' dir='ltr'><strong>docueruut</strong></span> <span class='ocrx_word' id='word_1_241' title='bbox 563 4548 823 4640; x_wconf 89' lang='lat' dir='ltr'><strong>pbilosophorum</strong></span> <span class='ocrx_word' id='word_1_242' title='bbox 843 4547 982 4617; x_wconf 81' lang='lat' dir='ltr'><strong>familiae</strong></span> <span class='ocrx_word' id='word_1_243' title='bbox 1000 4544 1119 4633; x_wconf 92' lang='lat' dir='ltr'><strong>lonica,</strong></span> <span class='ocrx_word' id='word_1_244' title='bbox 1138 4543 1343 4638; x_wconf 85' lang='lat' dir='ltr'><strong>Pythagorea,</strong></span> <span class='ocrx_word' id='word_1_245' title='bbox 1361 4547 1507 4634; x_wconf 87' lang='lat' dir='ltr'><strong>Eleatica,</strong></span> <span class='ocrx_word' id='word_1_246' title='bbox 1527 4565 1661 4638; x_wconf 83' lang='lat' dir='ltr'><strong>quarum</strong></span> 
     </span>
     <span class='ocr_line' id='line_1_25' title="bbox 68 4666 1662 4758; baseline 0 -19"><span class='ocrx_word' id='word_1_247' title='bbox 68 4699 70 4702; x_wconf 95' lang='lat'>·</span> <span class='ocrx_word' id='word_1_248' title='bbox 123 4668 301 4739; x_wconf 91' lang='lat' dir='ltr'><strong>sententiae</strong></span> <span class='ocrx_word' id='word_1_249' title='bbox 319 4676 415 4758; x_wconf 89' lang='lat' dir='ltr'><strong>atque</strong></span> <span class='ocrx_word' id='word_1_250' title='bbox 434 4669 562 4738; x_wconf 86' lang='lat' dir='ltr'><strong>decreta</strong></span> <span class='ocrx_word' id='word_1_251' title='bbox 589 4669 672 4738; x_wconf 91' lang='lat' dir='ltr'><strong>baud</strong></span> <span class='ocrx_word' id='word_1_252' title='bbox 694 4669 737 4738; x_wconf 93' lang='lat' dir='ltr'><strong>ita</strong></span> <span class='ocrx_word' id='word_1_253' title='bbox 758 4687 869 4756; x_wconf 91' lang='lat' dir='ltr'><strong>magno</strong></span> <span class='ocrx_word' id='word_1_254' title='bbox 898 4666 1061 4737; x_wconf 91' lang='lat' dir='ltr'><strong>bominum</strong></span> <span class='ocrx_word' id='word_1_255' title='bbox 1091 4687 1222 4754; x_wconf 89' lang='lat' dir='ltr'><strong>numero</strong></span> <span class='ocrx_word' id='word_1_256' title='bbox 1240 4688 1278 4738; x_wconf 91' lang='lat' dir='ltr'><strong>ac</strong></span> <span class='ocrx_word' id='word_1_257' title='bbox 1296 4668 1380 4738; x_wconf 89' lang='lat' dir='ltr'><strong>velut</strong></span> <span class='ocrx_word' id='word_1_258' title='bbox 1399 4669 1559 4738; x_wconf 87' lang='lat' dir='ltr'><strong>conclusis</strong></span> <span class='ocrx_word' id='word_1_259' title='bbox 1587 4681 1662 4739; x_wconf 86' lang='lat' dir='ltr'><strong>coe&#39;-</strong></span> 
     </span>
     <span class='ocr_line' id='line_1_26' title="bbox 124 4768 1662 4878; baseline 0 -20"><span class='ocrx_word' id='word_1_260' title='bbox 124 4787 209 4860; x_wconf 89' lang='lat' dir='ltr'><strong>tibus</strong></span> <span class='ocrx_word' id='word_1_261' title='bbox 235 4785 430 4873; x_wconf 87' lang='lat' dir='ltr'><strong>colebantur,</strong></span> <span class='ocrx_word' id='word_1_262' title='bbox 458 4768 687 4878; x_wconf 89' lang='lat' dir='ltr'><strong>saepenumero</strong></span> <span class='ocrx_word' id='word_1_263' title='bbox 715 4785 828 4858; x_wconf 89' lang='lat' dir='ltr'><strong>umbra</strong></span> <span class='ocrx_word' id='word_1_264' title='bbox 855 4786 992 4877; x_wconf 86' lang='lat' dir='ltr'><strong>quadam</strong></span> <span class='ocrx_word' id='word_1_265' title='bbox 1020 4787 1120 4858; x_wconf 85' lang='lat' dir='ltr'><strong>offusa</strong></span> <span class='ocrx_word' id='word_1_266' title='bbox 1146 4798 1179 4858; x_wconf 90' lang='lat' dir='ltr'><strong>ut</strong></span> <span class='ocrx_word' id='word_1_267' title='bbox 1205 4786 1320 4878; x_wconf 91' lang='lat' dir='ltr'><strong>vulgus</strong></span> <span class='ocrx_word' id='word_1_268' title='bbox 1340 4795 1394 4858; x_wconf 93' lang='lat' dir='ltr'><strong>aut</strong></span> <span class='ocrx_word' id='word_1_269' title='bbox 1412 4788 1579 4859; x_wconf 91' lang='lat' dir='ltr'><strong>adversum</strong></span> <span class='ocrx_word' id='word_1_270' title='bbox 1607 4785 1662 4859; x_wconf 82' lang='lat' dir='ltr'><strong>aui</strong></span> 
     </span>
     <span class='ocr_line' id='line_1_27' title="bbox 124 4905 1662 4999; baseline 0.002 -23"><span class='ocrx_word' id='word_1_271' title='bbox 124 4908 229 4998; x_wconf 89' lang='lat' dir='ltr'><strong>impar</strong></span> <span class='ocrx_word' id='word_1_272' title='bbox 242 4910 425 4995; x_wconf 82' lang='lat' dir='ltr'><strong>effugerent.</strong></span> <span class='ocrx_word' id='word_1_273' title='bbox 440 4907 566 4991; x_wconf 90' lang='lat' dir='ltr'><strong>Verum,</strong></span> <span class='ocrx_word' id='word_1_274' title='bbox 588 4907 639 4978; x_wconf 94' lang='lat' dir='ltr'><strong>ubi</strong></span> <span class='ocrx_word' id='word_1_275' title='bbox 657 4907 888 4978; x_wconf 89' lang='lat' dir='ltr'><strong>commendatio</strong></span> <span class='ocrx_word' id='word_1_276' title='bbox 903 4908 935 4976; x_wconf 94' lang='lat' dir='ltr'><strong>in</strong></span> <span class='ocrx_word' id='word_1_277' title='bbox 954 4905 1068 4996; x_wconf 83' lang='lat' dir='ltr'><strong>vulgus</strong></span> <span class='ocrx_word' id='word_1_278' title='bbox 1087 4908 1167 4978; x_wconf 91' lang='lat' dir='ltr'><strong>desit</strong></span> <span class='ocrx_word' id='word_1_279' title='bbox 1184 4928 1287 4998; x_wconf 85' lang='lat' dir='ltr'><strong>neque</strong></span> <span class='ocrx_word' id='word_1_280' title='bbox 1306 4907 1446 4978; x_wconf 92' lang='lat' dir='ltr'><strong>moribus</strong></span> <span class='ocrx_word' id='word_1_281' title='bbox 1463 4913 1556 4999; x_wconf 91' lang='lat' dir='ltr'><strong>atque</strong></span> <span class='ocrx_word' id='word_1_282' title='bbox 1572 4911 1662 4980; x_wconf 93' lang='lat' dir='ltr'><strong>insti-</strong></span> 
     </span>
     <span class='ocr_line' id='line_1_28' title="bbox 124 5026 1663 5122; baseline 0.001 -24"><span class='ocrx_word' id='word_1_283' title='bbox 124 5027 199 5098; x_wconf 88' lang='lat' dir='ltr'><strong>tutis</strong></span> <span class='ocrx_word' id='word_1_284' title='bbox 226 5029 458 5098; x_wconf 83' lang='lat' dir='ltr'><strong>conformandis</strong></span> <span class='ocrx_word' id='word_1_285' title='bbox 490 5026 688 5114; x_wconf 90' lang='lat' dir='ltr'><strong>adbibeatur,</strong></span> <span class='ocrx_word' id='word_1_286' title='bbox 717 5029 821 5098; x_wconf 87' lang='lat' dir='ltr'><strong>omnis</strong></span> <span class='ocrx_word' id='word_1_287' title='bbox 849 5027 991 5099; x_wconf 92' lang='lat' dir='ltr'><strong>doctrina</strong></span> <span class='ocrx_word' id='word_1_288' title='bbox 1008 5045 1131 5122; x_wconf 18' lang='lat' dir='ltr'><strong>‘manca</strong></span> <span class='ocrx_word' id='word_1_289' title='bbox 1159 5028 1292 5118; x_wconf 92' lang='lat' dir='ltr'><strong>quodam</strong></span> <span class='ocrx_word' id='word_1_290' title='bbox 1330 5029 1422 5099; x_wconf 92' lang='lat' dir='ltr'><strong>modo</strong></span> <span class='ocrx_word' id='word_1_291' title='bbox 1451 5049 1489 5098; x_wconf 92' lang='lat' dir='ltr'><strong>ao</strong></span> <span class='ocrx_word' id='word_1_292' title='bbox 1516 5027 1663 5120; x_wconf 87' lang='lat' dir='ltr'><strong>solivaga</strong></span> 
     </span>
     <span class='ocr_line' id='line_1_29' title="bbox 124 5143 1660 5239; baseline 0 -23"><span class='ocrx_word' id='word_1_293' title='bbox 124 5149 270 5217; x_wconf 89' lang='lat' dir='ltr'><strong>senescit.</strong></span> <span class='ocrx_word' id='word_1_294' title='bbox 297 5146 389 5234; x_wconf 81' lang='lat' dir='ltr'><strong>Quod</strong></span> <span class='ocrx_word' id='word_1_295' title='bbox 417 5149 503 5218; x_wconf 93' lang='lat' dir='ltr'><strong>baud</strong></span> <span class='ocrx_word' id='word_1_296' title='bbox 535 5149 600 5222; x_wconf 84' lang='lat' dir='ltr'><strong>scio</strong></span> <span class='ocrx_word' id='word_1_297' title='bbox 626 5167 666 5218; x_wconf 89' lang='lat' dir='ltr'><strong>ou</strong></span> <span class='ocrx_word' id='word_1_298' title='bbox 694 5143 891 5219; x_wconf 89' lang='lat' dir='ltr'><strong>Graecorum</strong></span> <span class='ocrx_word' id='word_1_299' title='bbox 918 5161 1042 5238; x_wconf 90' lang='lat' dir='ltr'><strong>quoque</strong></span> <span class='ocrx_word' id='word_1_300' title='bbox 1070 5147 1292 5239; x_wconf 90' lang='lat' dir='ltr'><strong>pbilosopbiae</strong></span> <span class='ocrx_word' id='word_1_301' title='bbox 1325 5145 1516 5237; x_wconf 87' lang='lat' dir='ltr'><strong>contigisset,</strong></span> <span class='ocrx_word' id='word_1_302' title='bbox 1545 5150 1603 5218; x_wconf 92' lang='lat' dir='ltr'><strong>nisi</strong></span> <span class='ocrx_word' id='word_1_303' title='bbox 1630 5150 1660 5217; x_wconf 91' lang='lat' dir='ltr'><strong>iu</strong></span> 
     </span>
     <span class='ocr_line' id='line_1_30' title="bbox 125 5254 1662 5359; baseline 0.001 -24"><span class='ocrx_word' id='word_1_304' title='bbox 125 5264 233 5337; x_wconf 90' lang='lat' dir='ltr'><strong>libera</strong></span> <span class='ocrx_word' id='word_1_305' title='bbox 274 5268 399 5337; x_wconf 90' lang='lat' dir='ltr'><strong>civitate</strong></span> <span class='ocrx_word' id='word_1_306' title='bbox 436 5287 541 5337; x_wconf 90' lang='lat' dir='ltr'><strong>arcem</strong></span> <span class='ocrx_word' id='word_1_307' title='bbox 583 5285 621 5337; x_wconf 86' lang='lat' dir='ltr'><strong>ac</strong></span> <span class='ocrx_word' id='word_1_308' title='bbox 663 5269 842 5358; x_wconf 76' lang='lat' dir='ltr'><strong>perfugium</strong></span> <span class='ocrx_word' id='word_1_309' title='bbox 889 5276 1013 5352; x_wconf 85' lang='lat' dir='ltr'><strong>nancta,</strong></span> <span class='ocrx_word' id='word_1_310' title='bbox 1058 5268 1295 5359; x_wconf 87' lang='lat' dir='ltr'><strong>praeclarorum</strong></span> <span class='ocrx_word' id='word_1_311' title='bbox 1340 5254 1507 5338; x_wconf 86' lang='lat' dir='ltr'><strong>bominum</strong></span> <span class='ocrx_word' id='word_1_312' title='bbox 1548 5264 1662 5347; x_wconf 87' lang='lat' dir='ltr'><strong>animis</strong></span> 
     </span>
     <span class='ocr_line' id='line_1_31' title="bbox 131 5367 1656 5504; baseline -0.008 -42"><span class='ocrx_word' id='word_1_313' title='bbox 131 5386 266 5504; x_wconf 71' lang='lat' dir='ltr'><strong>allectis,</strong></span> <span class='ocrx_word' id='word_1_314' title='bbox 281 5367 398 5460; x_wconf 61' lang='lat' dir='ltr'><strong>vstudia</strong></span> <span class='ocrx_word' id='word_1_315' title='bbox 423 5403 529 5459; x_wconf 84' lang='lat' dir='ltr'><strong>rerum</strong></span> <span class='ocrx_word' id='word_1_316' title='bbox 557 5389 707 5459; x_wconf 89' lang='lat' dir='ltr'><strong>inchoata</strong></span> <span class='ocrx_word' id='word_1_317' title='bbox 737 5387 933 5460; x_wconf 87' lang='lat' dir='ltr'><strong>absolvisset.</strong></span> <span class='ocrx_word' id='word_1_318' title='bbox 1653 5390 1656 5396; x_wconf 84' lang='lat'>&#39;</span> 
     </span>
    </p>
   </div>
   <div class='ocr_carea' id='block_1_9' title="bbox 0 0 2024 6164">
    <p class='ocr_par' dir='ltr' id='par_1_11' title="bbox 0 0 2024 6164">
     <span class='ocr_line' id='line_1_32' title="bbox 0 0 2024 6164; baseline 0 0"><span class='ocrx_word' id='word_1_319' title='bbox 0 0 2024 6164; x_wconf 95' lang='lat' dir='ltr'><strong> </strong></span> 
     </span>
    </p>
   </div>
  </div>
 </body>
</html>
