4010 6172
793 332 990 400 ..45-

125 487 302 558 verisimile
329 485 504 568 videbator,
532 509 596 578 quo
623 488 729 557 minus
757 487 796 556 de
823 484 1058 556 immortalitate
1078 485 1256 553 animorum
1275 485 1370 553 certis
1389 481 1514 552 iudiciis
1533 488 1656 550 ueteres

123 606 306 677 utebantur.
334 607 488 678 Hercules
516 609 687 677 infortunia
715 627 773 676 sua
799 627 837 676 er
866 606 1007 675 iacinore
1033 604 1170 697 Tyndari
1201 605 1331 694 repetit:
1358 627 1374 668 u
1392 622 1430 673 eo
1459 609 1549 670 natus
1575 619 1654 682 sum,

126 729 182 817 qni
210 725 309 797 caede
335 747 501 818 respersus
527 726 735 798 Alcumenam
752 727 887 810 duxerit,
907 745 983 795 sene
1015 727 1083 794 eius
1114 733 1200 816 patre
1220 723 1397 796 interiecto.
1425 720 1531 807 Quum
1550 728 1654 790 autem

127 847 256 934 generis
283 847 487 919 fundamenta
514 848 595 918 male
615 847 696 917 iacta
716 846 785 931 sint,
803 853 867 917 tota
885 847 980 936 stirps
999 847 1178 916 necessario
1198 840 1436 916 calamitatibus
1454 841 1654 913 conflictatur

126 963 170 1034 H.
199 965 238 1035 F.
270 967 377 1040 4258.
948 1051 955 1062 ¹

181 1085 295 1156 Verum
324 1085 399 1177 quid
426 1085 519 1157 lieret
544 1088 661 1158 iustitia
687 1089 820 1160 deorum
841 1081 895 1155 ubi
918 1085 994 1156 deos
1021 1089 1105 1175 ipsos
1133 1083 1320 1154 sustuleris?
1339 1079 1431 1166 Quod
1459 1080 1554 1151 credo
1581 1099 1655 1149 scn-

127 1206 208 1275 sisse
243 1205 425 1296 Euripidem
460 1216 556 1296 atque
586 1209 617 1276 in
652 1229 689 1278 eo
722 1229 742 1277 a
777 1207 935 1277 communi
967 1205 1121 1274 sententia
1148 1203 1345 1286 dissensisse,
1385 1202 1469 1290 quod
1505 1201 1654 1272 iustitiam

127 1323 259 1394 deornm
279 1322 409 1396 arbitrio
427 1323 617 1397 subductam
637 1329 668 1397 in
688 1346 794 1397 rerum
814 1325 1002 1396 necessitate
1023 1325 1156 1414 positam
1176 1320 1310 1392 tinuerit.
1334 1319 1384 1390 rlit
1404 1322 1488 1390 enim
1506 1318 1547 1412 [r.
1565 1321 1651 1390 508:

554 1542 660 1604 δοκεῖτε
681 1541 773 1606 πηδᾶν
794 1539 1012 1618 τάδικίπματέξς
1033 1538 1118 1604 baeda

554 1664 687 1744 receptior,
709 1661 859 1726 κᾶπειτ’ὲν
882 1663 948 1735 Διὸς
969 1659 1067 1724 δέλτον
1089 1663 1217 1743 πτυχαῖς

552 1782 675 1870 γράφειν
697 1780 838 1858 trr‘ariro't,
860 1784 936 1846 Zaira
958 1781 1136 1864 t'sioopinra
1157 1805 1195 1844 sir

554 1903 674 1974 θνητοῖς
696 1899 836 1984 brudgas,
858 1900 930 1964 orid'i
953 1905 1010 1975 πᾶς
1027 1901 1061 1964 ἂν
1084 1902 1195 1983 stiparis

555 2025 620 2095 Διὸς
640 2021 803 2109 γράφοντος
825 2021 877 2094 τὰς
898 2022 1010 2104 βροτῶν
1033 2020 1174 2104 ἁμαρτίας

554 2141 728 2224 ἐξαρκέσειεν
752 2141 917 2214 οὐδ’ἑνεῖνος
939 2141 973 2203 ἂν
996 2146 1115 2206 quondm

553 2260 670 2334 πέμπειν
692 2262 802 2342 ἑκάστῳ
824 2263 940 2345 ζημίαν·
965 2262 1059 2326 attt’it
1082 2261 1154 2324 itinn

556 2377 684 2442 ἐνταῦθά
705 2377 815 2440 nidmu
838 2378 942 2463 ἐγγύς,
968 2383 990 2440 εἰ
1008 2376 1239 2459 dodnmb'tpto.

184 2591 297 2679 ltaque
324 2589 447 2680 Jupiter
473 2591 512 2660 ad
541 2591 738 2680 puniendum
756 2598 838 2658 esset
855 2587 1023 2673 invalidus,
1042 2589 1103 2657 nisi
1124 2589 1198 2658 bico
1217 2588 1323 2658 omnia
1351 2587 1540 2680 pervadens,
1568 2585 1655 2666 nullo

130 2709 325 2802 impellente,
351 2730 409 2780 suo
436 2730 565 2782 munere
592 2712 783 2798 iungeretur.

324 3221 477 3287 cAPUT
511 3221 563 3286 ΙΙ.
600 3221 663 3286 DE
696 3219 888 3286 HUMANI
921 3215 1130 3284 GENERIS
1162 3213 1463 3282 CONDIGIONE.

179 3604 278 3674 Multa
303 3604 386 3696 opud
415 3614 534 3675 veteres
567 3604 704 3675 Graecos
736 3605 776 3675 ad
812 3607 895 3676 ritae
926 3605 1152 3674 iucunditatem
1187 3602 1445 3694 alacritatemque
1462 3604 1655 3694 ‚erigendam

129 3723 343 3816 pertinebant
370 3723 542 3794 salubritas
561 3729 642 3795 aeris
663 3727 892 3816 temperatique
910 3724 989 3794 coeli
1009 3726 1158 3808 suavitas,
1177 3744 1310 3814 corpora
1330 3745 1428 3812 quum
1457 3733 1656 3796 naturatum

132 3843 411 3914 exercitationibus
437 3854 510 3935 apte
538 3843 742 3914 corroborata
776 3864 875 3934 eaque
911 3846 1083 3914 formarum
1110 3845 1273 3932 dignitate,
1305 3853 1338 3912 nt
1366 3854 1515 3934 tanquam
1552 3864 1687 3936 errem·¹

130 3964 237 4054 plaria
250 3962 471 4033 excellentium
491 3985 624 4054 operum
643 3953 819 4033 artificibus
839 3965 998 4054 preposita
1012 3983 1082 4032 esse
1104 3964 1284 4032 viderentur
1299 3957 1363 4059 (l);
1382 3965 1508 4050 ingenia
1524 3964 1657 4047 modica,

131 4084 247 4167 lucilia,
276 4083 444 4163 industria;
472 4082 601 4152 libertas
636 4094 666 4152 et
701 4082 911 4173 aequabilitas
939 4085 1037 4164 inris;
1068 4085 1166 4152 animi
1194 4084 1277 4167 elati,
1304 4083 1408 4165 viridi,
1437 4086 1482 4153 rei
1511 4083 1658 4176 publicae

127 4203 278 4284 studiosi;
299 4203 365 4292 ipsa
392 4202 546 4272 solemnia
564 4223 602 4272 ac
622 4202 790 4290 religiones
811 4204 1041 4272 venustissimis
1070 4200 1186 4272 fabulis
1205 4223 1243 4272 ac
1257 4201 1368 4272 ritibus
1387 4213 1528 4274 ornatae.
1549 4205 1659 4294 ltaque

133 4322 219 4392 band
241 4321 335 4392 lacile
352 4321 446 4392 aliam
466 4333 590 4412 gentem
620 4323 768 4413 reperias,
795 4341 891 4411 quam
914 4323 977 4391 rita
1003 4321 1144 4391 mortalis
1164 4325 1229 4412 pari
1249 4322 1419 4393 dulcedine
1441 4323 1677 4394 delectaverit.-

129 4423 199 4513 'Nec
225 4442 302 4530 quid
330 4451 400 4532 post
427 4450 558 4511 mortem
585 4444 725 4512 loturum
750 4451 834 4512 esset
853 4446 929 4510 satis
956 4440 1118 4524 curabant,
1148 4461 1249 4532 neque
1275 4445 1424 4532 opinione
1452 4445 1492 4514 dc
1519 4446 1655 4515 immor-

133 4563 251 4634 talitate
284 4563 475 4646 animorum,
510 4563 561 4631 cui
595 4561 783 4651 pbilosopbi,
824 4565 967 4651 quamvis
1009 4563 1124 4631 acriter
1163 4573 1352 4650 quaerentes
1388 4583 1425 4633 ac
1452 4564 1656 4654 disputantes,

132 4701 296 4773 nunquam
308 4701 433 4751 omnem
449 4680 677 4751 dubitationem
697 4680 906 4765 abstulerunt,
923 4702 942 4749 a
957 4681 1111 4771 praesenti
1132 4681 1287 4751 hilaritate
1306 4683 1531 4753 avocabantur.
1555 4683 1657 4769 Quam

132 4801 261 4872 obrem
283 4801 322 4871 ad
343 4802 440 4890 leges,
460 4801 499 4871 ad
520 4820 634 4885 mores,
654 4803 692 4870 ad
714 4803 854 4870 instituta
875 4803 1095 4887 omnia-ritae
1116 4801 1255 4870 mortalis
1279 4803 1395 4873 finibus
1413 4806 1657 4896 circumscripta,

133 4923 256 4992 nullum
283 4924 409 4992 luerunt
434 4929 630 4992 momentum
657 4919 789 4991 alterius
808 4923 891 4992 ritae
918 4941 989 5010 spes
1017 4929 1047 4990 et
1075 4924 1218 4992 condicio
1247 4919 1309 5015 (2).
1329 4923 1384 4992 Est
1410 4945 1486 4994 sane
1514 4923 1569 4995 ubi
1598 4929 1658 4994 mi-

133 5045 196 5115 seri
223 5041 372 5142 mortales
399 5043 484 5112 omni
513 5041 709 5113 iucunditate
736 5061 774 5110 ac
802 5039 962 5130 voluptate
989 5043 1100 5131 privati
1128 5043 1256 5112 humani
1290 5044 1415 5132 generis
1446 5044 1657 5116 caducitatem

165 5340 199 5409 til
220 5343 299 5397 Καλὸς
316 5345 354 5390 καὶ
372 5345 443 5404 ninas
461 5339 624 5396 communis
643 5337 699 5395 luit
717 5338 781 5395 lans
800 5337 1021 5410 pulcritudinis;
1042 5339 1108 5396 Plat.
1129 5343 1192 5409 tps.
1207 5347 1237 5396 et
1257 5341 1375 5410 Sympos.
1395 5341 1498 5399 Athen.
1522 5343 1562 5412 la,
1582 5341 1640 5400 609.

165 5427 198 5495 til
217 5424 307 5482 Lebrs
326 5426 392 5497 dett,
406 5425 507 5480 doettor
525 5426 581 5482 und
599 5427 755 5482 daemonem
777 5425 922 5495 Naegelsb.
943 5427 1031 5484 ruent.
1056 5428 1126 5482 bom.
1147 5432 1171 5481 et
1186 5429 1276 5496 poetis.
