3986 6172
1060 361 1259 435 ..52-

396 521 490 592 ticam
515 517 688 612 praedicet,
716 517 835 590 bouum
862 519 895 587 in
924 517 1006 588 maio
1032 524 1182 608 expertus
1206 513 1248 610 [ι.
1280 513 1360 587 λ66.
1384 549 1427 564 -
1457 508 1519 581 Sed
1537 510 1648 578 harum
1675 525 1780 576 rerum
1808 500 1920 571 obiitus

370 642 513 736 ¹amoris
546 633 590 732 ad
618 639 691 708 udor
718 636 862 728 exempla
890 636 1100 727 putcherrirna
1127 637 1216 704 tinnit
1255 653 1292 703 ac
1321 634 1458 724 primum
1487 629 1593 699 iocum
1621 623 1806 695 mulieribus
1834 622 1919 690 assi—

396 762 513 850 gnarit.
532 759 623 830 Nulla
640 769 697 844 est,
717 758 822 843 credo,
843 755 1005 827 muliebris
1024 759 1132 838 uirtus,
1151 773 1233 844 quae
1252 773 1324 822 cum
1347 751 1463 822 dicesti
1483 747 1697 838 comparanda
1714 746 1764 814 sit.
1786 740 1918 813 Admeto

396 883 466 954 tatis
493 883 638 953 interitus
665 878 842 971 impendet;
869 876 1006 969 Apollini
1033 877 1153 964 roganti
1183 873 1298 943 Parcae
1317 878 1541 942 concesserunt
1560 878 1593 937 ut
1611 868 1692 937 atius
1711 885 1768 956 pro
1787 862 1918 932 Admeto

379 1013 582 1082 ,ιιιοιιιιιιιιΙ
612 1001 711 1084 Pater,
738 1008 847 1085 mater,
875 972 1054 1080 familiares,
1082 1013 1191 1064 omnes
1218 993 1357 1082 deniquo
1387 987 1508 1079 negant
1521 1009 1591 1060 sese
1610 985 1809 1059 uoluntariae
1829 983 1916 1052 morti

396 1121 591 1209 obiecturus3
620 1141 682 1192 una
710 1119 855 1204 dicastis,
884 1135 962 1187 uror
988 1118 1068 1201 eius,
1096 1132 1226 1202 gravem
1254 1112 1472 1182 condicionem
1500 1111 1646 1199 accipere
1678 1104 1786 1176 audet.
1824 1101 1916 1190 Atqui

395 1245 490 1314 sentit
514 1260 608 1333 quam
636 1240 753 1310 durum
780 1241 822 1309 sit
848 1240 1041 1307 iuuentutem
1067 1236 1252 1323 regiumque
1279 1233 1395 1301 fastum
1423 1231 1611 1319 relinquere,
1639 1245 1750 1318 parvos
1768 1225 1917 1292 deserere

396 1361 523 1448 liberos,
550 1361 735 1452 praesertim
763 1341 890 1428 diiclam
918 1363 1079 1426 maternae
1106 1362 1251 1441 egentem
1279 1369 1386 1435 curae,
1405 1359 1436 1420 at
1454 1348 1669 1434 multomagis
1689 1347 1801 1426 virum,
1822 1363 1915 1432 quem
1978 1331 1979 1334 ’

397 1485 490 1556 unico
515 1491 610 1553 amat.
638 1478 753 1551 Verum
781 1487 884 1548 ιιιιιιιι
911 1477 980 1545 sine
1009 1472 1073 1545 uita
1093 1470 1289 1542 dubitatione
1316 1472 1406 1574 morti
1424 1471 1573 1554 occurrit,
1593 1467 1622 1537 id
1642 1466 1700 1537 sibi
1719 1465 1821 1536 solatii
1841 1483 1916 1553 pro-

396 1623 526 1696 ponens,
553 1600 638 1693 quod
666 1599 769 1670 uirum
797 1596 838 1668 ab
865 1595 991 1666 interitu
1021 1593 1203 1661 vindicaret.
1225 1589 1291 1676 Qut
1319 1592 1406 1679 gravi
1436 1592 1557 1659 iactura
1582 1593 1773 1659 commotus:
1802 1584 1874 1650 niu
1892 1591 1916 1648 tc

397 1743 471 1808 uua,
498 1722 608 1812 inquit,
635 1721 700 1790 rita
728 1737 799 1790 unca
826 1725 856 1787 et
890 1735 974 1786 mors
1009 1715 1227 1794 continentur;
1265 1731 1404 1784 amoram
1441 1711 1524 1781 euim
1561 1718 1650 1778 tuum
1679 1707 1771 1775 unice
1800 1703 1911 1773 coto»

395 1862 432 1914 ac
461 1839 626 1934 pollicetur
658 1859 730 1911 sese
764 1859 825 1909 uon
853 1815 950 1906 otiam
968 1853 1097 1902 uxorem
1116 1833 1284 1904 ducturum
1312 1831 1370 1902 sed
1398 1831 1448 1900 ιιΙ
1475 1830 1651 1900 exstinctae
1678 1826 1771 1898 fidem
1801 1844 1913 1894 serva-

396 1972 499 2033 tumm
534 1953 600 2058 (ι).
629 1957 728 2029 Aliam
756 1958 914 2050 perfectae
942 1954 1048 2026 uxoris
1081 1954 1215 2043 effigiem
1250 1952 1494 2025 Andromachen
1530 1949 1694 2039 expressit,
1726 1965 1828 2034 acque
1855 1943 1915 2012 ιιΙΙι
1978 1923 1979 1984 3

396 2091 457 2153 tam
485 2082 691 2152 vehementer
715 2097 828 2149 amaus
855 2087 887 2146 et
914 2085 976 2146 tam
1005 2077 1054 2145 sui
1083 2073 1181 2144 oblita
1208 2075 1282 2163 tingi
1311 2081 1424 2163 potest.
1455 2071 1505 2140 Ait
1531 2070 1618 2139 euim
1645 2066 1742 2137 dordr.
1772 2064 1854 2139 922.

818 2279 844 2340 ὦ
866 2272 988 2364 φίλταθ’
1010 2275 1135 2358 Ἕκτωρ,
1157 2275 1224 2338 ἀλλ’
1248 2274 1311 2358 ἐγὼ
1333 2271 1383 2335 ιλιι
1405 2271 1455 2334 circ
1473 2269 1559 2351 χάριν

819 2395 862 2461 cod
884 2393 931 2458 aad
953 2393 1088 2476 ξιιίιρωι,
1106 2393 1136 2456 ει
1151 2393 1185 2456 rr'-
1202 2416 1233 2456 ce
1256 2391 1377 2482 σφάλλει
1396 2389 1514 2472 Κύπρις,

818 2514 869 2580 arri
888 2514 996 2592 μιιστόι
1018 2511 1071 2576 aas
1093 2510 1232 2584 πολλάκις
1254 2511 1360 2576 viderur
1381 2512 1440 2582 σοις

818 2633 954 2719 ὑπέσχον,
977 2636 1022 2698 ἵνα
1044 2657 1085 2698 σοι
1106 2635 1196 2711 μηδὲν
1218 2632 1320 2696 εἰδιιλιι
1342 2632 1445 2714 πικρόν.

821 2754 869 2819 κοιλ
891 2759 982 2820 sadra
1003 2756 1100 2837 specs
1116 2754 1220 2838 ratperti
1242 2752 1428 2836 apoooyiporr

818 2897 909 2940 πισιι.

447 3070 745 3158 Quorumdam
780 3091 822 3141 au
848 3069 1182 3160 magiswbardaroruur
1217 3069 1358 3141 moribus
1385 3090 1481 3160 quam
1507 3067 1698 3138 Graecorum
1733 3062 1910 3134 humanitati

394 3201 642 3263 consentaneum
670 3193 775 3262 ruerit.
802 3189 864 3260 Sed
893 3194 924 3261 iu
952 3188 1189 3261 Andromaches
1216 3211 1352 3282 persona
1379 3190 1545 3277 Euripides
1571 3186 1778 3258 barbarorum
1804 3185 1911 3255 obiitus

394 3314 501 3382 omnia
526 3313 607 3381 iuter
634 3312 735 3380 virum
763 3319 795 3380 et
821 3329 953 3381 uxorem
983 3313 1072 3401 paria
1098 3311 1277 3393 constituit;
1307 3331 1335 3382 v.
1363 3327 1397 3396 g:
1424 3289 1534 3378 Trood.
1562 3303 1636 3378 654
1671 3332 1688 3371 ι
1717 3315 1834 3375 mutam
1856 3305 1910 3373 iin-

395 3451 489 3521 guam
525 3427 743 3520 placidamque
779 3431 846 3498 rirc
876 3431 990 3499 taciem
1017 3428 1226 3510 exhibebam
1262 3449 1410 3500 noueram
1438 3429 1522 3498 euim
1559 3423 1673 3517 quibus
1699 3423 1797 3495 rebus
1824 3445 1842 3495 a
1868 3445 1911 3492 me

394 3551 497 3621 virum
532 3549 715 3638 quibusque
751 3569 801 3618 me
835 3535 875 3618 ab
909 3568 947 3618 ιο
987 3549 1129 3639 superari
1166 3539 1323 3638 oporteret
1359 3574 1376 3612 ιι
1424 3549 1516 3637 eique
1553 3547 1618 3616 tam'
1650 3544 1776 3616 excelsa
1815 3546 1911 3614 uxoris

394 3671 518 3762 species
547 3669 665 3739 insidet
692 3669 798 3755 menti,
828 3679 862 3737 ut
892 3689 931 3737 ue
964 3688 1037 3738 cum
1067 3669 1224 3757 flagitioso
1251 3669 1379 3758 uiridem
1407 3669 1475 3738 viro
1503 3645 1643 3756 uuquam
1666 3665 1853 3756 litigandum
1877 3685 1911 3734 ne

394 3787 531 3881 superbe
558 3788 784 3858 decertandum
813 3797 901 3879 putet
927 3788 1023 3858 Andr.
1051 3788 1135 3860 213.
1165 3785 1270 3873 Quum
1299 3789 1529 3859 inservituram
1553 3788 1690 3858 adducta
1716 3767 1912 3877 Neoptolemo

396 3905 513 3978 nubere
540 3908 670 3997 cogitur,
699 3915 837 3990 veretur,
865 3929 904 3977 ne
932 3911 1181 3978 novrrnrrirum
1200 3908 1335 3996 diligens
1362 3906 1492 3977 Hectori
1519 3905 1726 3997 improbetur,
1747 3904 1910 3995 prudentia.

346 4034 348 4042 '
393 4048 521 4116 genere,
554 4025 668 4117 opibus
695 4046 734 4096 ao
767 4027 950 4096 fortitudine
985 4029 1155 4116 praestanti
1187 4026 1296 4102 i'rcod.
1329 4027 1580 4098 cutura-
1613 4025 1752 4095 Euaduis
1778 4043 1911 4116 quoquae

394 4149 540 4236 quamvis
567 4146 677 4215 ieviter
703 4144 916 4230 adumbratae,
942 4167 1116 4236 generosus
1143 4149 1277 4231 animus,
1306 4167 1406 4236 quae..
1426 4145 1572 4238 Capaneo
1589 4154 1724 4228 mortuo,
1754 4165 1788 4214 se
1807 4165 1908 4236 super-
1976 4167 1977 4182 ι

366 4267 528 4347 ,futuram
555 4275 650 4354 negat
675 4275 706 4335 et
732 4267 906 4354 magnificis
933 4264 1072 4335 restibus
1099 4267 1208 4336 induta
1228 4267 1259 4335 in
1278 4286 1388 4360 rogum
1409 4268 1467 4335 riri
1488 4265 1632 4336 insitiens
1656 4292 1673 4330 «
1693 4263 1908 4356 pulcherrima,

394 4388 505 4475 inquit,
521 4406 605 4455 mors
619 4387 644 4453 si
663 4385 734 4475 quis
752 4404 823 4454 cum
844 4388 909 4455 suis
929 4387 1125 4455 moriatur».
1146 4385 1254 4478 Suppt.
1287 4388 1393 4454 ⁴006.
1415 4387 1556 4456 Incertae
1574 4384 1701 4456 fabulae
1717 4384 1829 4479 scopu.
1844 4387 1901 4454 oct

393 4506 434 4577 de
454 4506 560 4575 uxoris
577 4503 730 4594 obsequio
749 4513 809 4573 est:
836 4531 853 4569 «
871 4504 989 4574 nuliam
1010 4507 1122 4593 torma,
1142 4505 1372 4575 multas-virtus
1390 4505 1473 4596 apud
1491 4507 1577 4576 uiros
1595 4507 1685 4578 iuuit.
1706 4504 1760 4575 Est
1786 4508 1908 4577 feminae

393 4625 542 4715 sapientis
569 4643 641 4694 cum
668 4624 736 4693 viro
762 4622 941 4694 coalescere
969 4632 999 4693 et
1026 4645 1064 4693 cr
1092 4623 1217 4696 duobus
1244 4627 1357 4696 animis
1391 4645 1490 4694 unum
1524 4625 1662 4698 efficere.
1698 4619 1748 4698 Ac
1785 4629 1906 4717 primum

393 4745 490 4815 etiam
516 4745 542 4812 si
572 4744 620 4812 vir
646 4742 796 4812 deformis
823 4744 873 4826 sit,
902 4743 1043 4833 prudeus
1071 4764 1149 4813 uror
1166 4746 1338 4815 formosum
1361 4754 1466 4836 putat;
1488 4765 1549 4815 uon
1570 4745 1655 4815 enim
1682 4745 1846 4817 oculorum
1865 4739 1909 4814 scd

394 4863 491 4932 animi
519 4860 672 4931 iudicium
699 4869 757 4930 est.
785 4858 913 4949 Optime
943 4861 1025 4952 ioqui
1046 4871 1135 4952 putat
1161 4872 1193 4933 et
1211 4883 1274 4933 acu
1295 4872 1381 4934 recta
1405 4861 1587 4953 loquentem
1603 4866 1697 4956 eique
1715 4867 1909 4953 gmtadicera

394 4989 533 5051 conatur.
560 4979 662 5049 Suaue
690 4987 737 5048 cst
769 4999 843 5048 cum
872 4989 1031 5050 moerente
1059 4999 1187 5052 uxorem
1218 5002 1283 5054 una
1310 4980 1431 5072 dolere,
1456 4984 1575 5071 gaudio
1602 4983 1779 5056 exsultante
1807 4983 1910 5056 laetari.

394 5099 461 5196 Huc
500 5099 637 5168 laetitiae
677 5108 707 5166 ιι
739 5099 950 5188 aegritudiuis
986 5103 1210 5178 commuuione
1255 5101 1393 5188 sublata,
1434 5103 1511 5193 quid
1552 5113 1607 5174 est.
1638 5105 1755 5175 amor?
1790 5131 1807 5171 ι
1845 5101 1911 5173 rtruu

414 5239 518 5309 coque
545 5228 594 5288 est
618 5216 713 5289 Andr.
741 5215 830 5301 207,
855 5237 916 5288 non
951 5219 1051 5288 forma
1079 5220 1135 5290 sed
1164 5222 1280 5293 uirtute
1305 5224 1444 5294 uirorum
1474 5224 1596 5294 animos
1622 5226 1787 5296 devinciri.

428 5474 459 5541 ιι)
480 5470 511 5529 ι’.
525 5471 643 5528 Alcestin
663 5467 769 5540 passim
787 5483 821 5526 ac
839 5468 963 5542 praeeip.
983 5485 1009 5524 ιι.
1033 5471 1091 5542 175,
1110 5470 1170 5543 278,
1189 5471 1249 5545 312,
1270 5474 1345 5533 1090.
