4010 6172
747 257 946 329 ..29-

80 419 183 499 perat,
210 413 263 501 qui
293 411 331 480 ad
361 431 435 479 vera
462 409 699 500 supprimenda,
728 409 766 476 ad
796 409 1030 497 decipiendam,
1059 409 1097 477 ad
1130 412 1265 498 privatas
1287 410 1439 478 utilitates
1459 412 1609 482 terendas

81 531 264 622 eloquentia
300 529 477 599 utebantur.
509 527 560 600 nn
591 530 674 597 enim
711 529 786 614 regii
820 526 939 618 aliquid
982 548 1020 597 ac
1051 528 1177 596 violenti
1219 529 1248 594 in
1284 528 1465 619 eloquentia
1505 532 1609 604 inesse

78 649 122 741 fr.
155 653 245 730 3t8;
273 650 418 732 audaces,
447 658 600 739 potentes,
630 648 773 732 disertos,
804 648 862 714 nisi
895 649 1049 736 sapientia
1076 650 1175 716 ornati
1206 649 1273 730 sint,
1300 648 1397 716 rnalos
1424 671 1492 748 esse
1523 653 1607 720 cives

83 767 198 838 Boocd.
227 771 309 842 970.
339 770 496 856 ingratum
531 789 641 858 genuus,
670 768 725 859 qni
753 766 836 855 apud
867 763 1016 856 populum
1047 766 1245 858 eloquentiae
1273 767 1405 835 bonores
1424 771 1607 840 sectamini!

82 895 204 958 ntinmn
247 912 300 958 ros
330 891 486 977 ignorem!
523 889 587 958 Non
616 889 701 956 euim
734 886 884 956 dubitatis
915 888 1030 954 ciuitati
1066 885 1241 979 amicisque
1270 906 1394 966 nocere,
1431 888 1604 960 dammodo

84 1009 171 1097 vulgi
205 1007 429 1099 cupiditatibus
469 1008 676 1078 blandiamini
712 1003 783 1073 Hoc.
818 1003 903 1090 258,
938 1005 1042 1106 Stppl.
1075 1007 1156 1074 lli.
1191 1005 1318 1076 Oroatis
1357 1007 1463 1078 verbis
1498 1010 1611 1082 domus

85 1131 244 1221 urbesque
283 1128 438 1200 delentur.
476 1127 542 1196 Nou
578 1147 616 1196 ea
646 1127 752 1196 dicere
784 1135 912 1214 oportet,
945 1145 1026 1216 qnae
1055 1125 1184 1194 auribus
1218 1138 1307 1213 grata
1339 1131 1411 1213 sint,
1441 1131 1497 1199 sed
1525 1153 1606 1224 qaae

85 1249 203 1318 bonam
232 1250 344 1317 lamam
379 1248 511 1316 alienant
546 1245 643 1337 Ht'pp.
684 1244 765 1326 tan,
793 1246 847 1312 cir.
873 1241 913 1334 fr.
945 1245 1037 1326 739,
1066 1265 1123 1314 neo
1152 1247 1235 1314 insta
1267 1248 1399 1316 tacenda
1431 1246 1472 1339 [r.
1505 1249 1612 1333 tuat,

85 1388 272 1459 quanquam
300 1377 373 1436 snut
398 1369 452 1457 qni
481 1367 558 1438 faita
593 1376 623 1434 et
661 1364 800 1433 iucunda
839 1366 921 1458 veris
955 1384 991 1430 ac
1028 1362 1165 1432 molestis
1201 1374 1392 1454 anteponant
1426 1367 1467 1460 (r.
1504 1369 1612 1440 toaa.

89 1488 197 1575 l'opnli
225 1489 369 1556 ductores
402 1486 527 1575 egregie
557 1486 760 1572 designantur
788 1481 880 1574 Hipp.
911 1483 999 1562 989;
1029 1484 1083 1572 qni
1111 1485 1194 1570 apntl
1222 1487 1380 1573 sapientes
1408 1488 1498 1556 llocci
1526 1491 1612 1576 itant,

89 1608 109 1673 ii
138 1608 346 1694 optimisnut
372 1614 511 1674 oratores
537 1604 574 1674 ad
607 1603 778 1694 populum;
806 1611 836 1669 et
855 1599 909 1670 Or.
931 1603 1002 1668 903
1025 1601 1222 1690 appellantur
1249 1605 1432 1692 petulantes,
1467 1607 1615 1695 audaces,

88 1728 200 1794 inscite
227 1724 356 1814 garruli,
385 1728 440 1815 qni
467 1726 608 1793 dicentes
630 1723 713 1792 mala
741 1722 959 1811 persuadeant.
978 1720 1039 1788 llio
1061 1731 1133 1790 sunt
1152 1723 1207 1813 qni
1226 1720 1376 1794 Cleonem
1393 1727 1616 1799 adumbratum

89 1867 162 1914 csse
190 1843 298 1912 uelint.
1030 1927 1032 1932 Ι

140 1965 207 2032 Nou
237 1964 329 2032 modo
358 1965 388 2030 in
417 1965 483 2031 toro
511 1964 565 2032 sed
603 1965 696 2030 etiam
735 1964 764 2029 iu
795 1961 920 2030 indiciis
947 1963 1085 2050 pessima
1116 1970 1205 2030 erant
1234 1962 1432 2054 eloquentiae
1461 1968 1616 2058 exempla.

90 2084 260 2152 [institerat
286 2085 369 2151 etnim
399 2082 631 2153 iraudulentum
661 2081 840 2150 tabularum
870 2102 979 2168 gertus,
1007 2083 1061 2171 qui
1089 2080 1187 2148 litium
1217 2082 1384 2153 calumniis
1412 2088 1481 2155 iura
1509 2091 1617 2157 omnia

90 2203 271 2271 miscebant
298 2211 328 2272 et
354 2203 539 2270 iniuriarum
568 2203 786 2290 impunitatem
806 2199 1041 2288 comparabant.
1071 2199 1104 2267 lu
1125 2221 1190 2291 qno
1212 2203 1377 2291 Euripides
1404 2227 1552 2292 magnum
1573 2210 1616 2277 rei

89 2321 239 2410 publicae
267 2323 446 2412 pericnlum
475 2323 576 2390 inesse
607 2329 692 2388 ratus
712 2322 838 2409 saepias
858 2321 900 2387 ait
920 2330 1079 2388 oratorum
1099 2322 1234 2390 artificia
1260 2331 1354 2413 atque
1372 2323 1521 2413 ambages
1541 2327 1621 2396 salsa

90 2463 164 2510 esse
193 2452 375 2530 tegumenta
402 2443 598 2522 iniuriarum,
625 2459 706 2529 qnae
734 2439 811 2506 nibil
831 2459 887 2528 per
905 2461 939 2508 se
960 2439 1084 2507 validae
1105 2444 1241 2510 externis
1269 2443 1468 2513 adminiculis
1495 2457 1619 2533 egeant.

89 2561 234 2650 Simplex
262 2572 309 2629 est
335 2562 434 2629 oratio
463 2561 610 2640 veritatis,
645 2579 749 2649 neque
784 2560 919 2627 institiae
951 2561 1242 2646 interpretationum
1275 2561 1430 2632 subtilitas
1463 2585 1541 2652 opus
1575 2575 1622 2635 est

90 2681 207 2751 ΡΙιοοιι.
240 2679 320 2749 lbi).
348 2681 469 2749 Veritas
496 2681 614 2768 optima
633 2688 680 2747 est
706 2680 787 2747 iusto
815 2680 932 2746 bomini
961 2677 1003 2769 fr.
1032 2679 1091 2760 99,
1111 2681 1163 2769 qui
1192 2682 1279 2749 trullo
1300 2685 1431 2751 artiticio
1452 2683 1619 2754 uerborum

88 2805 189 2870 ntitnr
216 2800 256 2870 H.
287 2801 320 2870 F.
341 2800 429 2872 236.
450 2798 615 2889 improbus
635 2799 737 2882 bomo,
759 2819 871 2884 magna
890 2798 1035 2867 facultate
1056 2799 1180 2867 dicendi
1203 2809 1339 2886 ornatus,
1358 2823 1483 2872 summa
1501 2815 1622 2875 tenetur

88 2942 193 3003 noaa3
230 2923 346 2989 etenim
374 2920 558 3010 eloquentia
594 2920 690 2986 iretn's
725 2919 856 2987 iniurias
892 2921 1025 3004 contegit
1058 2928 1090 2986 et
1124 2919 1161 2986 ad
1199 2920 1356 2990 urnaleticia
1391 2924 1543 3012 patranda
1580 2946 1621 2994 οιι

93 3044 164 3129 ipsa
191 3041 369 3130 eloquentia
396 3040 560 3114 andaciam
587 3041 681 3107 sumit
708 3035 791 3105 Mod.
821 3039 902 3106 580.
922 3039 1113 3106 Exsecrandi
1141 3049 1215 3107 sunt
1241 3041 1368 3127 pessimi
1388 3041 1542 3126 homines,
1564 3045 1619 3134 qui

90 3159 215 3228 scelera
235 3159 397 3228 molientes
418 3158 571 3248 speciosis
587 3159 728 3226 artificiis
746 3167 899 3225 exornant
926 3155 990 3224 lon.
1013 3157 1084 3224 832
1106 3151 1173 3252 (l);
1194 3159 1272 3225 alias
1291 3161 1396 3226 miseri
1424 3160 1623 3248 appellantur

70 3259 152 3369 =qni
172 3277 340 3348 uerborum
360 3286 522 3347 vestustate
540 3277 618 3346 lalsa
635 3276 797 3345 involvant
817 3286 847 3344 et
861 3298 996 3366 quornm
1017 3277 1098 3343 iacta
1118 3297 1136 3344 a
1157 3276 1258 3344 turbis
1278 3278 1465 3346 dissentiant
1481 3277 1521 3370 fr.
1538 3278 1621 3348 587.

89 3399 136 3466 lle
167 3399 257 3466 malis
294 3397 388 3467 rebus
423 3406 530 3467 ornate
567 3397 652 3488 loqui
686 3398 834 3465 miserum
867 3405 915 3464 est
946 3415 982 3464 ac
1010 3397 1220 3484 perniciosum
1256 3394 1371 3465 Placen.
1402 3399 1484 3468 599.
1513 3399 1622 3492 ltaque

88 3519 265 3587 orationem
309 3518 485 3608 simplicem
517 3537 555 3586 ac
593 3519 662 3584 sine
693 3517 756 3584 ullo
788 3517 920 3584 artificio
958 3515 1169 3598 commendat,
1207 3516 1289 3604 rpunod
1325 3519 1451 3585 dicendi
1487 3521 1620 3588 incultas

89 3640 265 3707 metuenda
292 3647 322 3706 et
349 3644 445 3707 noxia
471 3639 511 3705 sit
534 3634 575 3728 fr.
597 3637 679 3708 955.
708 3635 821 3718 blasina
840 3643 913 3703 sunt
940 3635 1085 3702 orationis
1106 3635 1261 3722 pericnla;
1286 3648 1414 3723 possunt
1433 3640 1516 3706 enim
1538 3639 1619 3708 falsa

89 3759 226 3849 proferri
254 3767 284 3826 et
312 3757 478 3826 verboram
507 3754 669 3825 blanditiis
690 3775 763 3823 vera
782 3756 933 3843 superari,
961 3775 1056 3844 quum
1077 3753 1116 3821 ad
1137 3763 1277 3822 naturam
1298 3765 1328 3823 et
1347 3759 1394 3824 ius
1415 3761 1619 3846 spectandum

89 3883 148 3963 sit3
180 3882 247 3966 ipse
275 3886 379 3946 antem
414 3874 508 3944 rebus
536 3875 643 3956 credit,
672 3895 754 3966 quac
781 3873 882 3942 verbis
917 3874 1055 3962 potiores
1091 3874 1152 3941 sint
1185 3871 1224 3964 fr.
1256 3875 1339 3944 905.
1373 3876 1505 3966 Saepius
1533 3859 1620 3948 cives

90 4001 232 4069 bortatur
274 4006 307 4065 nt
340 3997 379 4065 ad
423 4016 528 4063 rernm
570 4003 713 4062 naturam
749 3996 870 4061 animos
907 3993 1078 4074 intendant,
1116 4014 1195 4062 nere
1231 3997 1408 4083 praestigiis
1441 3985 1620 4069 ¹verboram

89 4120 303 4207 decipiantur,
331 4137 413 4207 quae
441 4115 530 4183 uibili
558 4135 633 4203 prae
659 4111 754 4183 rebus
781 4085 1018 4182 babenda⁸sint
1040 4111 1080 4203 fr.
1111 4114 1168 4197 98,
1199 4114 1281 4200 398,
1309 4114 1384 4184 Ηοο.
1415 4116 1523 4188 ll87.
1553 4119 1620 4188 lam

91 4259 171 4308 vero
198 4236 282 4305 dolet
310 4237 428 4316 nullam
456 4237 486 4302 in
516 4235 605 4302 tactis
633 4235 736 4328 inesse
764 4253 884 4313 rocem,
915 4242 947 4301 ιιι
975 4233 1062 4300 irrita
1090 4243 1172 4300 esset
1199 4243 1354 4302 oratorum
1384 4235 1441 4318 vis,
1467 4239 1622 4326 quiveris

92 4355 244 4428 tenebras
275 4355 433 4425 obducant
461 4353 502 4446 fr.
548 4353 628 4424 aaa.
670 4351 739 4421 Atto
778 4351 847 4421 loco
883 4361 989 4420 monet
1022 4352 1119 4420 multo
1163 4351 1233 4441 plns
1265 4354 1422 4422 firmitatis
1455 4356 1561 4426 inesse
1588 4359 1619 4425 in

92 4474 238 4546 uroribns
266 4484 421 4545 vetustate
449 4471 656 4542 corroboratis
682 4493 777 4564 quam
805 4474 836 4559 in
867 4472 1000 4562 legibus,
1020 4493 1101 4564 qnae
1122 4472 1298 4542 eludantur.
1327 4474 1392 4542 Non
1413 4477 1495 4544 enim
1516 4499 1621 4551 mores

92 4595 299 4690 loquentibus
326 4595 516 4686 detorquere
545 4594 637 4674 licet;
664 4603 696 4662 at
723 4593 808 4679 leges
836 4591 875 4661 ab
903 4591 1079 4662 oratoribus
1107 4596 1211 4662 omnia
1230 4595 1507 4665 commiscentibus
1527 4609 1621 4691 atque

92 4714 333 4808 implicantibus
359 4713 501 4782 delentur
524 4710 566 4804 fr.
596 4715 679 4782 600.
699 4712 822 4796 Quanto
841 4715 957 4783 rectius
976 4715 1000 4782 si
1023 4712 1118 4782 rerba
1137 4723 1233 4805 atque
1260 4717 1417 4784 orationes
1444 4719 1506 4785 emi
1525 4739 1618 4809 opor·

91 4846 190 4919 teret3
218 4857 255 4906 oo
282 4838 365 4904 enim
393 4842 482 4923 pacto
510 4853 602 4902 nemo
630 4833 722 4902 uellet
749 4843 859 4902 ornate
886 4835 1000 4903 dicere.
1028 4833 1089 4902 Sed
1118 4835 1268 4924 quoniam
1294 4834 1393 4904 verba
1419 4837 1487 4905 siue
1514 4837 1621 4910 labore

90 4977 126 5025 ac
157 4959 225 5025 sine
254 4956 389 5044 pecnnia
416 4975 456 5023 ex
482 4957 555 5022 aare
582 4963 753 5043 captantur,
782 4974 874 5024 nemo
902 4975 964 5023 non
993 4953 1170 5024 delectatur
1197 4975 1280 5047 qnae
1306 4957 1368 5024 sint
1390 4965 1529 5048 etqnae
1557 4979 1619 5030 non

90 5080 155 5144 sint
183 5077 319 5162 gratuito
346 5075 454 5142 dicere
479 5071 521 5163 fr.
550 5075 635 5148 968.

125 5271 159 5338 (l)
179 5271 318 5326 Similiter
338 5271 485 5337 Tucytlt'des
504 5269 586 5340 3,67;
605 5271 696 5341 (ἔργων)
716 5272 809 5336 ἀγαθῶν
827 5279 869 5338 μὲν
892 5273 965 5325 ὄντων
985 5279 1090 5346 βραχεῖα
1108 5277 1122 5330 ἡ
1142 5275 1271 5339 ἀπαγγελία
1288 5276 1361 5346 ἀρκεῖ,
1379 5276 1576 5348 ἁμαρτανομένων
1595 5275 1620 5330 δι

88 5359 154 5421 λόγον
173 5358 236 5410 insat
253 5364 404 5426 κοσμηθέντες
421 5361 617 5436 προκαλύμματα
632 5364 758 5427 γίγνονται.
1506 5395 1508 5398 -
