3986 6172
622 419 633 428 ο
752 322 951 395 -rr-

80 478 190 548 Pares·
210 479 295 548 enim
324 484 400 547 sunt
425 476 570 546 homines
591 479 679 548 'inter
706 476 755 568 se,
786 480 884 550 sorvis
904 479 981 570 ipsis
1001 481 1174 566 honestate,
1203 481 1278 568 1188,
1306 481 1507 556 observantia
1525 493 1613 556 8188-

81 594 172 682 tlbus
199 594 376 667 libertatem
406 615 533 666 servare
559 595 653 678 liuet;
681 617 778 668 unum
807 617 920 670 nomen
957 602 1058 670 serris
1094 610 1142 670 est
1160 601 1340 692 dedecori,
1359 613 1477 674 cetera
1507 601 1613 675 liberis

82 736 149 786 non
178 724 252 787 sunt
278 716 443 798 inferiores
475 715 544 786 lon.
573 716 657 802 85l,
682 715 723 810 fr.
754 707 920 818 818818.
949 717 1020 791 Hel.
1051 721 1133 805 728,
1157 718 1198 813 fr.
1229 720 1312 806 stt,
1348 725 1430 810 888,
1468 726 1527 798 58.
1567 761 1611 777 -

83 837 155 906 lam
172 855 270 926 supra
294 834 539 906 demonstratum
561 846 608 905 ost
628 835 811 928 Euripidem
831 835 980 930 sapientis
999 840 1181 930 excelsique
1200 849 1312 932 poetae
1330 844 1445 912 lamam
1464 843 1613 933 adeptum

83 950 173 1046 apud
206 964 349 1046 posteros
383 956 415 1024 8
444 955 566 1028 deliciis
594 957 702 1029 luisso.
736 957 843 1042 Quare
869 959 1040 1030 sortstmtte
1067 968 1116 1030 est
1144 979 1205 1032 nnn
1233 981 1346 1052 parum
1375 961 1546 1032 contulisse
1572 963 1612 1034 88

84 1075 317 1175 humanitatem
345 1084 377 1145 et
403 1073 609 1146 lenitudinem
629 1096 704 1166 orgo
730 1097 839 1146 seruus
856 1079 1070 1170 suadendam,
1091 1079 1181 1150 cuius
1200 1082 1245 1152 rei
1267 1101 1329 1152 non
1358 1101 1461 1172 pauca
1479 1083 1612 1172 vestigia

84 1205 163 1270 sunt
189 1197 273 1287 apud
301 1203 409 1286 poetas
437 1215 539 1266 nouae
565 1197 746 1266 88888888
774 1189 837 1294 (l).

414 1629 566 1697 CAPUT
601 1629 665 1694 IV.
703 1627 766 1694 DE
798 1630 952 1697 REBUS
983 1627 1277 1706 DOMESTIOIS.

136 1937 303 2027 Colligenti
331 1937 407 2006 milri
436 1957 475 2007 88
501 1935 671 2026 diligentes
687 1937 903 2027 interpretanti
922 1957 1033 2008 omnes
1052 1945 1198 2008 veterum
1218 1947 1383 2028 poetarum
1409 1959 1511 2022 voces,
1531 1959 1612 2029 quae

84 2065 159 2128 sunt
182 2059 222 2130 da
250 2057 391 2128 moribus
417 2065 449 2126 81
474 2058 588 2126 animis
616 2056 782 2126 mulierum
809 2066 840 2126 et
867 2059 1038 2148 praecipue
1066 2056 1121 2127 ubl
1148 2077 1210 2128 nen
1230 2055 1272 2128 de
1290 2058 1425 2150 singulis
1443 2059 1498 2130 sed
1518 2078 1611 2128 eom·

85 2181 223 2250 maniter
255 2177 430 2269 loquentes,
475 2177 592 2247 certius
626 2175 772 2244 ridentur
806 2177 988 2263 significare
1020 2176 1095 2264 quid
1133 2177 1191 2266 ipsi
1219 2177 1304 2248 omui
1333 2179 1415 2248 ritae
1443 2199 1503 2250 osu
1529 2178 1613 2250 docti

82 2299 267 2389 expertique
293 2298 454 2382 sentirent,
481 2296 653 2394 admodum
680 2315 781 2386 pauca
809 2296 948 2386 reperire
974 2296 1116 2384 contigit,
1145 2293 1319 2384 inquibus
1348 2295 1395 2368 vel
1423 2299 1609 2386 gravitatem
1654 2381 1657 2392 Ι

84 2420 243 2506 quandam
270 2417 377 2490 iudicii
408 2419 583 2490 universam
613 2437 735 2487 morum
755 2417 929 2486 doctrinam
955 2414 1204 2505 complectentis,
1225 2415 1273 2485 rel
1292 2416 1444 2489 sollicitae
1470 2417 1611 2490 benenu-

84 2539 201 2609 lentiae
234 2538 360 2624 indicia,
400 2537 581 2608 infirmioris
621 2557 714 2606 surus
753 2535 934 2624 dignitatern
967 2534 1106 2604 humane
1146 2537 1286 2605 curantis
1327 2536 1610 2628 deprehenderem.

86 2655 127 2728 lt
154 2659 354 2727 contraeatis
377 2655 475 2726 multe
492 2654 598 2726 oblata
614 2663 696 2738 sunt,
718 2652 769 2725 ubi
788 2655 912 2722 animus
930 2654 1047 2737 andan,
1073 2654 1304 2740 1888818818,
1322 2658 1484 2748 peruicax,
1503 2677 1613 2741 vanus,

84 2778 214 2867 saepius
240 2775 319 2845 leuis
346 2784 378 2846 et
404 2774 579 2870 imbecillus
606 2776 729 2845 leminis
757 2772 915 2843 obiicitur.
942 2772 1051 2863 Neque
1079 2773 1157 2844 baec
1189 2775 1282 2844 modo
1310 2776 1341 2844 in
1375 2775 1612 2848 comoediarum

86 2907 119 2968 et
144 2896 322 2968 tabularum
350 2895 571 2986 scriptoribus,
597 2893 713 2988 quibus
742 2897 776 2965 id
806 2881 997 2986 propositum
1017 2895 1094 2982 erat,
1111 2904 1145 2966 ut
1172 2897 1245 2965 vitia
1271 2905 1437 2988 carperent
1462 2916 1501 2966 ac
1526 2897 1613 2967 deri-

84 3019 205 3103 derent,
233 3038 343 3088 rerum
370 3019 464 3087 etiam
493 3019 523 3086 in
544 3017 738 3104 gravissimis
758 3025 920 3106 poetarum
941 3023 1036 3105 atquc
1056 3015 1250 3086 humanitate
1270 3017 1406 3088 manime
1424 3017 1612 3107 praeclaris.

85 3139 207 3208 Etenim
233 3136 406 3227 Sophocles
433 3145 496 3206 tam
523 3156 646 3226 aequus
673 3138 703 3205 in
724 3131 901 3221 indicando,
921 3143 982 3204 tem
1003 3133 1183 3208 moderatus
1203 3135 1253 3206 rel
1272 3138 1304 3206 in
1325 3125 1613 3210 vehementissimis

85 3258 264 3326 animorum
301 3255 602 3345 perturbationibus,
631 3255 684 3326 ubi
713 3255 752 3324 de
781 3253 968 3325 mulieribus
995 3255 1132 3346 loquitur
1160 3249 1211 3326 rel
1244 3259 1460 3346 impotentiam
1492 3258 1611 3348 ingenii

86 3377 246 3466 vituperat
270 3377 311 3446 ad
338 3386 479 3446 extrema
506 3377 641 3446 leroeiee
682 3384 712 3444 81
747 3355 952 3465 aegritudinis
988 3393 1089 3464 aeque
1124 3377 1225 3466 proni,
1257 3377 1308 3446 vel
1335 3374 1457 3466 gloriae
1489 3386 1521 3446 81
1555 3398 1615 3468 po·

86 3498 202 3567 1881188
229 3476 467 3565 immoderatam
494 3496 698 3592 cupiditatem
724 3503 818 3583 atque
846 3494 995 3564 admouet
1023 3494 1209 3565 modestiam
1233 3504 1264 3564 et
1281 3497 1441 3566 silentium
1460 3495 1615 3586 pulcher-

86 3617 203 3688 rimum
230 3637 301 3686 esse
330 3617 517 3692 seminarum
545 3624 765 3684 ornamentum
794 3606 857 3709 (8).
886 3615 991 3683 Bonus
1020 3613 1073 3682 ille
1093 3613 1242 3703 Virgilius
1262 3615 1292 3682 in
1317 3616 1428 3684 88888
1455 3618 1614 3686 sententia

87 3739 156 3822 luit,
180 3738 232 3825 qui
260 3735 480 3826 pervulgatum
509 3733 586 3804 illud
614 3734 743 3803 retinuit
778 3733 898 3803 corium
927 3741 956 3802 et
981 3731 1126 3802 inmobile
1151 3755 1281 3824 semper.
1309 3732 1400 3818 Quae
1429 3735 1517 3805 mitia
1543 3744 1617 3806 sunt

50 3867 56 3877 '
87 3858 114 3926 si
143 3875 215 3926 cum
243 3854 378 3924 allorum
396 3873 561 3944 compares
581 3853 780 3924 contumeliis
798 3861 828 3922 et
848 3853 1113 3936 8888888881.
1134 3872 1164 3941 g.
1184 3852 1373 3945 aeschyleus
1393 3852 1447 3924 ille
1471 3855 1616 3926 Eteocles

88 3974 222 4046 1881888
258 3973 421 4064 increpans
452 3973 560 4044 odium
596 3973 784 4063 sapientium
814 3970 963 4062 appellat,
990 3970 1153 4062 publicum
1181 3992 1220 4042 ac
1258 3974 1413 4064 privatum
1439 3975 1615 4045 888888-

89 4097 178 4180 888,
204 4092 380 4184 improbam
407 4102 437 4162 et
465 4094 662 4163 miseriarum
689 4091 816 4182 plenam
843 4093 1037 4165 societatem.
1066 4091 1140 4160 Fuit
1164 4093 1294 4182 quidem
1322 4092 1553 4164 Eteoell·larus
1579 4112 1617 4162 88

89 4212 248 4304 superbus
273 4214 407 4300 animus,
436 4214 487 4302 qui
515 4222 598 4284 totus
625 4213 655 4280 in
684 4211 768 4282 bello
795 4211 933 4300 gerendo
960 4220 991 4280 et
1017 4212 1048 4279 iu
1077 4231 1175 4298 reguo
1203 4210 1400 4282 defendendo
1428 4213 1616 4300 indignatur,

89 4335 174 4426 quod
201 4333 349 4404 mulieres
377 4331 514 4403 lacrimis
539 4340 570 4403 et
595 4333 803 4421 querimoniis
837 4332 951 4402 milites
983 4330 1024 4402 ab
1050 4350 1210 4402 armorum
1245 4330 1349 4402 studio
1383 4342 1414 4402 et
1440 4330 1615 4403 obsidionis

40 4509 44 4516 .
91 4453 254 4526 laboribus
282 4453 476 4543 perlereudis
503 4452 708 4536 (temnerent,
738 4461 771 4521 at
803 4454 869 4522 eius
897 4451 1042 4521 convicia
1067 4451 1111 4518 ita
1137 4470 1177 4521 er
1205 4450 1316 4520 intimo
1350 4451 1446 4522 corde
1475 4461 1615 4535 ruanaut,

90 4584 126 4646 ut
154 4573 288 4645 Eteoclis
314 4594 369 4643 ore
388 4581 477 4663 poeta
500 4575 567 4662 ipse
586 4571 661 4662 quid
680 4573 813 4642 senserit
831 4573 1011 4661 significare
1030 4571 1182 4642 videatur.
1205 4569 1271 4640 Nec
1296 4590 1393 4660 quum
1419 4569 1619 4662 Clytaemne-

92 4704 177 4764 strae
211 4713 375 4782 personam
402 4692 589 4782 produceret
616 4694 683 4762 lueri
718 4700 839 4781 poterat
872 4700 906 4759 ut
941 4688 1119 4759 mitioribus
1145 4687 1253 4758 verbis
1281 4675 1436 4770 uteretom
1463 4691 1508 4759 ait
1533 4691 1618 4759 enim

94 4811 260 4882 muliebris
288 4815 384 4882 animi
413 4814 557 4904 proprios
584 4832 654 4884 csse
672 4811 772 4896 dolos,
792 4811 932 4900 proprias
960 4807 1111 4900 ambages
1129 4816 1226 4898 atque
1244 4816 1277 4878 ut
1295 4806 1448 4892 ostendat,
1469 4817 1620 4898 quantum

96 4932 186 5003 exitii
213 4952 250 5002 ac
277 4931 455 5003 detrimenti
485 4933 649 5002 mulierum
677 4930 863 5020 cupiditates
889 4937 1052 5019 sequatur,
1080 4934 1234 4999 memorat
1252 4945 1336 5018 quae
1362 4929 1534 5017 antiquitus
1552 4936 1621 4998 tra-

126 5191 162 5261 (ll
182 5186 332 5244 Philemon
351 5203 393 5256 (tp.
414 5186 583 5242 8108881811.
600 5182 643 5255 52,
662 5185 710 5257 283
729 5187 771 5236 sto
790 5187 871 5245 δοῦλος
889 5188 903 5258 ᾖ
921 5207 954 5244 τις
972 5188 1035 5238 otto
1053 5191 1132 5257 ἦττον,
1151 5191 1263 5255 δέσποτα,
1281 5189 1403 5257 ἅνθρωπος
1421 5187 1487 5245 οὗτός
1501 5189 1571 5256 ἔστιν,
1588 5187 1616 5236 ἂν

96 5279 217 5346 ἄνθρωπος
234 5277 265 5342 ἧς
286 5273 433 5341 comparat.
454 5271 572 5327 llermnd.
594 5276 617 5326 tl
634 5273 744 5327 Pbttom.
762 5289 788 5341 p.
806 5269 851 5328 361
875 5274 916 5322 κᾶν
934 5274 1018 5330 δοῦλος
1036 5275 1051 5344 ᾖ
1068 5295 1101 5331 τις
1119 5279 1192 5342 σάρκα
1210 5282 1250 5330 τὴν
1264 5277 1334 5330 αὐτὴν
1349 5274 1410 5339 ἔχει·
1428 5271 1505 5330 adai
1523 5276 1583 5336 τύχη
1594 5281 1621 5324 τὸ

96 5371 164 5428 σῶμα
183 5361 381 5416 κατεδουλώσατο.

130 5445 162 5515 ra
182 5446 223 5501 nr.
251 5441 325 5501 rara.
352 5442 380 5498 o.
401 5442 428 5498 rr.
456 5439 594 5498 181888
620 5439 680 5512 sse,
700 5439 758 5498 aaa.

1455 5555 1471 5618 a
