3986 6172
763 282 962 358 ..45-

98 447 243 530 cuperet.
288 436 444 510 Omnibus
477 434 735 521 Atheniensibus,
768 438 874 524 eredo,
915 436 1121 530 Euripideum
1156 437 1232 508 illud
1263 459 1431 510 commune
1457 441 1529 524 luit,
1558 461 1627 512 sese

99 557 211 628 doctas
245 557 327 628 nolle
363 559 512 642 feminas,
550 557 635 647 quod
668 558 848 644 arrogantia
874 566 905 627 et
930 557 1131 626 coutumacia
1157 558 1307 628 inflentur
1335 579 1438 649 neque
1474 557 1560 630 aliud
1590 579 1630 630 en

99 677 247 748 doctriua
272 678 421 748 hauriant
447 677 507 746 uisi
537 678 692 745 maiorum
721 677 910 765 flagitiorum
938 675 1105 773 audaciam
1134 669 1200 774 (l).

154 797 323 890 Nunquam
353 817 414 868 nou
443 797 526 866 intra
552 796 741 866 domesticos
767 796 902 886 parietes
929 793 1115 866 crescebaut
1143 797 1280 886 virgines
1307 796 1346 867 ad
1383 798 1569 869 modestiam
1597 808 1630 869 et

100 917 345 1002 uerecundiam,
378 913 494 1006 quihus
530 935 633 1006 neque
667 913 819 985 decorum
850 924 931 1000 erat,
965 899 1024 986 nisi
1044 916 1091 984 iu
1123 916 1246 1004 magnis
1278 915 1409 988 deorum
1451 918 1631 1014 lestis,‚in

100 1033 265 1126 publicum
292 1035 419 1127 prodire
446 1028 511 1133 (a).
539 1033 637 1104 lluius
663 1053 810 1105 secessus
829 1034 910 1105 haud
938 1036 982 1104 lta
1009 1033 1109 1106 multa
1129 1035 1377 1108 immutabantur
1399 1046 1470 1127 post
1497 1039 1630 1127 nuptias,

100 1175 162 1225 nec
188 1156 281 1226 domo
308 1155 394 1226 exire
423 1156 574 1224 honestae
601 1154 691 1224 uxori
720 1150 836 1224 licebat
862 1154 963 1224 inscio
990 1155 1066 1236 viru,
1094 1155 1223 1225 conscio
1248 1174 1410 1246 nunquam
1430 1155 1498 1226 sine
1516 1159 1630 1228 comite
1691 1192 1698 1210 ·

99 1283 133 1343 et
159 1273 211 1344 uhi
239 1276 399 1364 angustior
425 1284 508 1344 esset
545 1293 595 1343 res
640 1272 814 1357 familiaris,
841 1292 937 1364 quam
966 1281 999 1343 ut
1024 1273 1175 1344 ancillam
1211 1273 1250 1344 ad
1287 1275 1321 1375 id,
1357 1275 1460 1365 ipsum
1488 1274 1629 1364 haberet,

100 1396 224 1484 quoties
251 1413 330 1485 opus
364 1403 431 1466 erat
464 1394 621 1464 conducta
649 1390 803 1463 utebatur.
832 1391 872 1463 ht
898 1413 938 1463 na
965 1393 1010 1463 ita
1036 1393 1167 1484 quidem
1196 1391 1460 1465 honis'murihus
1488 1415 1628 1468 consen-

101 1525 231 1584 taneum
258 1515 316 1584 luit
341 1515 469 1586 domum
488 1514 615 1602 saepius
644 1512 839 1602 relinquere,¹
854 1513 937 1602 quud
959 1532 1110 1602 maguum
1129 1511 1308 1584 habebatur
1334 1514 1511 1604 periculum
1530 1518 1628 1588 casti-

101 1636 226 1705 moniae
262 1655 301 1706 ac
327 1636 401 1704 satis
435 1641 502 1704 erat
537 1642 570 1704 ut
603 1632 768 1703 matutinis
796 1632 983 1703 censoribus
1011 1634 1160 1714 materies
1187 1632 1384 1705 obtrectandi
1412 1633 1628 1726 praeberetur.

97 1753 200 1826 Nuctu
229 1758 315 1826 exire
342 1755 400 1824 uisi
429 1773 524 1824 curru
555 1761 663 1824 reema
701 1760 733 1823 et
764 1772 838 1822 cum
865 1749 990 1824 lacibus
1017 1751 1088 1843 lege
1115 1751 1242 1824 Solonis
1269 1753 1465 1826 vetabantur.
1495 1757 1538 1829 Ea
1565 1765 1628 1827 tam

98 1874 203 1964 rigida
227 1873 397 1964 disciplina
422 1874 511 1943 annis
540 1870 815 1964 progredientibus
842 1871 1076 1963 aliquantulum
1103 1869 1282 1960 laxabatur,
1324 1895 1432 1967 quum,
1461 1884 1495 1946 ut
1522 1875 1630 1970 Hype·
1661 1853 1664 1862 ¹

99 1993 178 2063 ridis
210 1992 314 2063 uerbis
348 2000 426 2074 utar,
462 1991 586 2063 mulieri
621 1991 860 2064 decurrentibus
880 2012 1035 2083 quaerere
1055 1992 1198 2064 licuisset
1221 1996 1389 2064 cuiusnam
1423 2005 1536 2082 mater,
1562 2017 1626 2067 non

97 2115 265 2184 curiusnam
295 2134 373 2184 uxor
399 2120 492 2184 esset.
520 2111 647 2184 nmrms
673 2115 731 2182 uiri
756 2113 903 2204 excipere
930 2114 999 2184 viru
1032 2112 1163 2183 ahsente
1200 2093 1377 2184 inauditum
1405 2124 1484 2188 erat.
1503 2151 1506 2157 ·
1522 2114 1628 2203 Quam

102 2243 287 2323 peccantem
312 2234 597 2324 deprehendissent
624 2232 760 2323 puellam
788 2233 919 2302 incultas
946 2234 1110 2324 eratpatri
1130 2235 1281 2324 fratrique
1300 2235 1471 2326 vendendi,
1494 2244 1626 2326 nuptam

101 2357 233 2425 intanta
260 2351 455 2442 irrogabatur
484 2355 550 2422 viro
576 2354 636 2423 nisi
662 2352 844 2423 dimisisset.
871 2353 1043 2443 impudicis
1070 2355 1154 2424 omni
1173 2355 1258 2424 cultu
1281 2363 1461 2445 ornatuque
1485 2358 1626 2447 corporis

100 2472 346 2546 interdicebatur
373 2485 404 2544 et
429 2472 559 2544 cuilibet
585 2473 724 2543 uirorum
751 2469 868 2542 licebat
894 2471 1063 2543 verberare
1091 2493 1129 2542 ac
1156 2483 1261 2544 vestes
1288 2475 1480 2546 exscindere
1511 2474 1522 2570 (
1550 2470 1575 2575 l.

151 2596 225 2666 Eam
254 2597 337 2665 uitae
364 2594 592 2664 institutionem
610 2613 692 2684 quae
711 2601 909 2683 consequuta
934 2593 997 2661 sint
1024 2593 1117 2664 lacile
1137 2592 1351 2682 intelligimus.
1378 2593 1483 2682 Quum
1506 2583 1622 2689 ¹procul

98 2714 140 2785 ah
166 2715 330 2784 hominum
356 2713 504 2784 convictu
531 2713 613 2782 iuter
639 2732 749 2782 serras
766 2731 805 2782 ae
822 2709 953 2782 serviles
971 2731 1065 2782 curas
1080 2721 1230 2804 perpetuo
1249 2722 1462 2799 versarentur,
1480 2718 1623 2788 emnium

98 2857 205 2906 rerum
231 2843 393 2926 arpertus,
420 2853 502 2923 quae
527 2831 567 2904 ad
595 2833 823 2903 humanitatem
850 2841 881 2902 et
909 2833 1062 2920 ingenuas
1089 2841 1172 2903 artes
1200 2834 1365 2922 pertinent,
1392 2855 1528 2907 vacuam
1548 2839 1621 2928 ple-

97 2975 225 3046 runque
257 2964 411 3038 meutmn,
439 2954 584 3023 animum
610 2954 734 3042 pigrum
761 2950 913 3042 gerebant
948 2950 1145 3043 ridendaque
1181 2972 1276 3043 saepe
1311 2963 1401 3025 erant
1434 2957 1560 3027 inscitia
1588 2969 1620 3030 et

91 3077 246 3146 latuitate.
273 3073 314 3146 ht
341 3077 456 3146 insitae
481 3070 674 3146 iuvenilibus
693 3073 786 3143 aunis
812 3073 895 3142 viras
923 3073 1008 3141 omni
1038 3070 1215 3141 liberalium
1263 3093 1368 3143 rerum
1412 3095 1490 3146 cura
1517 3079 1619 3148 iuter-

91 3195 203 3266 clusae
229 3197 261 3266 in
287 3195 390 3279 dolos,
416 3195 449 3265 in
476 3213 577 3283 nugas
603 3212 642 3263 ac
668 3193 788 3263 misera
813 3192 944 3262 artillcia
970 3191 1222 3262 eliundebautur.
1250 3190 1340 3277 Quae
1380 3194 1505 3284 siquis
1533 3216 1619 3267 com·

92 3325 184 3408 paret
208 3335 279 3387 cum
307 3319 446 3386 uirorum
473 3314 679 3395 institutione,
705 3332 841 3402 quorum
869 3312 1015 3381 iuuenilis
1042 3319 1129 3381 aetas
1159 3321 1223 3381 tota
1244 3313 1274 3379 ln
1297 3312 1461 3402 palaestris
1481 3324 1511 3385 et
1529 3337 1624 3408 gym-

90 3437 192 3507 nasiis
219 3434 416 3520 versabatur,
439 3441 606 3527 puetarum
634 3431 840 3517 carminibus,
869 3433 1011 3521 picturis,
1036 3432 1144 3520 signis,
1171 3430 1321 3500 aediliciis
1349 3433 1483 3522 aliisque
1511 3437 1621 3507 encel-

89 3556 225 3627 leutium
266 3557 421 3628 artilicum
455 3551 606 3645 operibus
641 3543 784 3635 erudita,
820 3549 938 3641 quihus
986 3570 1099 3640 magna
1143 3551 1198 3620 illa
1239 3549 1313 3620 urbs
1345 3551 1543 3640 abundabat,
1584 3578 1622 3628 ac

90 3685 204 3766 postea
229 3675 378 3746 ciuilibus
405 3674 500 3746 undis
527 3671 757 3759 mersabantur,
784 3692 883 3761 quum
903 3672 1066 3740 universae
1095 3673 1139 3740 rei
1167 3669 1316 3760 publicae
1343 3678 1411 3740 tum
1441 3675 1620 3748 lactionum

88 3798 178 3868 curis
203 3797 398 3868 districtius
424 3796 517 3866 modo
544 3796 575 3864 in
602 3792 739 3864 comitiis
766 3791 913 3885 suliragla
940 3788 1067 3882 dabant,
1096 3771 1188 3860 modo
1216 3790 1339 3861 iudices
1373 3812 1430 3881 pro
1465 3793 1620 3890 tribunall

90 3916 259 4000 sedebant,
287 3925 354 3986 tum
381 3915 506 3998 milites,
535 3922 656 3998 nauhu,
683 3921 885 3994 mercatores,
904 3929 1001 4002 saepe
1020 3912 1144 3984 animus
1163 3922 1341 3982 recreantes
1362 3910 1446 3982 ludis
1466 3935 1504 3984 ac
1523 3916 1615 3986 lestis

90 4038 246 4120 deorum,
273 4036 356 4106 unda
381 4037 507 4126 copiosa
533 4032 682 4105 manahat
711 4033 885 4123 sapientiae
917 4039 947 4098 et
987 4031 1190 4114 humanitatis
1231 4032 1415 4124 disciplina,
1451 4034 1481 4104 id
1517 4036 1616 4106 intar-

89 4157 210 4228 vallum
237 4159 318 4227 inter
340 4165 510 4246 utrumque
537 4174 649 4262 senum
676 4173 745 4224 esse
770 4151 917 4222 videatur
934 4170 1036 4240 eaque
1054 4171 1117 4221 non
1136 4153 1229 4221 modo
1248 4152 1417 4243 disparitas
1436 4154 1492 4222 sed
1514 4175 1616 4247 rapu-

72 4265 231 4366 'gnantia
257 4285 292 4347 ut
317 4275 449 4363 intelligi
483 4274 577 4348 liceat
609 4273 688 4343 nihil
720 4269 933 4344 Athenienses
973 4271 1014 4341 ad
1050 4271 1255 4342 domesticam
1295 4252 1557 4346 consuetudinem
1585 4285 1617 4346 et

88 4399 261 4470 arctiorem
287 4417 425 4468 unorum
451 4397 629 4466 convictum
656 4392 784 4466 allicere
811 4394 961 4482 petuisse.

141 4516 267 4601 Quibus
294 4515 389 4588 rebus
415 4536 477 4586 non
497 4513 590 4585 modo
615 4514 729 4602 uulgus
755 4509 811 4582 sad
839 4507 935 4582 'eliam
961 4511 1136 4582 doctissimi
1164 4513 1308 4585 homines
1325 4535 1363 4585 ec
1382 4517 1510 4589 adducti
1530 4528 1615 4605 sunt,

86 4646 122 4709 ut
149 4645 316 4709 censerent
342 4645 484 4707 naturam
511 4636 613 4725 ipsam
639 4633 773 4704 laminas
801 4633 967 4702 interiores
994 4633 1122 4704 linxisse
1141 4652 1180 4703 ac
1197 4634 1272 4705 viris
1296 4635 1481 4711 subiecisse.
1500 4638 1615 4731 ltaque

87 4766 253 4848 poetarum
279 4776 376 4828 uoces
402 4774 634 4846 saepenumero
661 4773 735 4822 cum
762 4751 1023 4843 philosophorum
1041 4755 1207 4824 sententiis
1226 4765 1412 4844 congruunt,
1433 4758 1614 4850 quinoque

85 4878 301 4969 despicientes
327 4897 433 4966 neque
459 4877 596 4947 iocantes
621 4871 841 4964 loquebantur.
873 4871 980 4958 uuum
1008 4867 1177 4964 Euripides
1205 4876 1354 4947 luminam
1381 4876 1423 4948 ad
1466 4879 1614 4960 uirtutem

120 5147 158 5217 (ll
178 5142 244 5202 Eur.
271 5147 352 5218 stipp.
370 5136 429 5213 635,
445 5146 483 5212 fr.
499 5135 557 5200 tlt.
576 5139 728 5200 lloctarum
754 5133 930 5198 laminarum
957 5138 1150 5215 arrogantiam
1177 5137 1316 5202 describit
1342 5141 1489 5206 luvenalis
1511 5149 1567 5206 Sat.
1586 5144 1612 5219 6,

86 5232 147 5289 tat.
165 5229 301 5288 Martialis
320 5247 380 5288 non
398 5230 594 5288 doctissimam
613 5228 767 5298 coniugem
786 5224 864 5284 inter
881 5243 927 5284 res
944 5228 1086 5300 optabiles
1103 5230 1187 5304 ponit
1204 5229 1233 5300 2,
1249 5231 1293 5289 90.

119 5317 155 5387 lit
173 5316 239 5373 Eur.
261 5317 306 5371 Or.
328 5317 390 5385 l08;
408 5317 467 5386 pr.
487 5318 516 5373 Δ.
534 5314 597 5385 72ος
616 5322 680 5371 Her.
701 5311 758 5371 lau.
784 5311 889 5370 liudem
908 5313 1078 5386 phocylides
1096 5317 1183 5373 Germ.
1206 5318 1307 5374 didaco.
1329 5318 1387 5376 203.

117 5403 154 5472 rar
173 5402 238 5458 nur.
258 5404 297 5472 p.
318 5403 381 5476 aas,
403 5403 498 5484 nolu.
519 5399 663 5460 emetur.
683 5397 787 5470 sorae,
806 5397 846 5455 aa
865 5397 970 5471 hyper.
992 5418 1036 5471 ap.
1055 5403 1123 5460 sou.
1136 5402 1176 5477 rt,
1193 5402 1243 5476 ³33
1261 5403 1447 5466 camorana
1466 5394 1612 5475 urbanos,
1653 5401 1655 5406 ·
